3460 5370
699 393 939 454 *-31-

217 579 340 644 iectura
363 577 566 642 constitutum
590 580 646 656 est,
670 575 782 640 deinde
805 575 881 640 nihil
902 553 974 640 miri
989 575 1038 641 e'st
1053 577 1085 642 in
1099 595 1144 643 vs.
1156 581 1218 642 489
1234 576 1333 660 primo
1348 576 1432 642 hemi

220 679 342 770 stichio,
367 688 394 754 si
415 687 541 770 quidem
565 704 635 753 cum
650 685 795 758 Bekkero
817 689 854 751 ut
874 686 906 750 in
922 685 1051 768 reliquis
1067 686 1188 754 duobus
1203 687 1289 768 locis,
1312 705 1445 770 quorum

220 798 260 866 de
282 798 384 864 altero
406 797 584 880 Koechlyus
607 798 725 862 erravit
744 815 802 879 pro
824 797 920 862 1418
945 796 1083 862 scribens
1106 801 1219 878 11418,
1241 795 1368 886 Πηλῆος
1389 797 1444 874 ult,

218 910 264 975 ita
285 908 336 974 hio
351 906 478 996 Πηλῆος
499 906 565 978 οἰός
585 908 728 989 legimus,
750 923 843 986 quam
866 906 1071 973 mutationem
1084 906 1225 973 invenire
1239 906 1307 988 ipse
1323 908 1445 976 Koech-

217 1021 289 1103 lyus
312 1020 476 1103 potuisset,
500 1020 527 1085 si
547 1020 740 1086 meminisset
755 1041 771 1082 ε
786 1018 909 1085 literam
924 1020 955 1086 in
971 1037 1045 1086 mss.
1062 1019 1244 1102 saepissime
1265 1018 1327 1101 legi
1349 1038 1406 1102 pro
1425 1043 1444 1106 η

217 1133 325 1197 littera
339 1148 476 1212 vereque
498 1135 607 1211 poetas
631 1130 776 1212 antiquos
798 1129 921 1196 Ionicos
943 1129 1042 1197 solam
1058 1131 1224 1198 evocolem
1243 1136 1276 1198 91
1291 1130 1324 1197 11
1343 1130 1445 1196 brevi-
1543 1187 1546 1194 i

146 1325 148 1330 Ι
219 1244 279 1310 hus
302 1247 335 1308 ot
356 1243 389 1306 in
411 1242 511 1326 longis
534 1240 661 1324 syllabis
683 1259 853 1322 usurpasse
867 1261 925 1325 pro
941 1259 1041 1323 eaque
1055 1242 1186 1308 invectis
1202 1242 1327 1308 demum
1341 1245 1445 1324 poste-

220 1354 356 1420 rioribus
373 1351 487 1418 IItteris
504 1374 523 1438 η
541 1352 680 1418 litteram
694 1353 829 1434 positam
845 1371 914 1418 esse
931 1353 1006 1418 solis
1025 1353 1058 1418 in
1078 1353 1123 1418 eis
1135 1351 1272 1434 syllabis,
1289 1351 1444 1434 911991911-

218 1482 291 1548 gam
311 1463 490 1528 desiderare
510 1462 860 1530 111919119119991919.
893 1481 988 1545 porro
1009 1481 1065 1530 cur
1082 1463 1261 1543 1919991111,
1280 1463 1311 1528 in
1330 1462 1444 1543 quibus

218 1573 424 1657 patronymici
435 1573 574 1656 epitheti,
593 1572 677 1654 quod
693 1576 741 1638 est
755 1571 882 1661 Πηλῆος
897 1573 972 1649 uide,
990 1576 1039 1638 est
1050 1574 1221 1654 vocativus,
1238 1572 1318 1639 91191
1332 1572 1443 1640 obvius

221 1685 253 1749 in
276 1683 413 1750 carmine
436 1682 475 1749 de
497 1684 546 1749 ira
565 1683 692 1750 Achillis
716 1686 824 1764 quinto
846 1683 966 1751 decimo
983 1682 1064 1768 (XV,
1084 1689 1153 1766 196,
1171 1684 1211 1749 ΙΙ.
1230 1685 1294 1767 91),
1316 1685 1397 1751 alter
1411 1683 1444 1750 in

220 1796 329 1879 necyia
351 1795 487 1861 carmine
509 1793 644 1860 fortasse
666 1795 814 1861 Boeotico
837 1795 876 1861 de
897 1795 998 1863 Ulixis
1020 1796 1053 1862 in
1076 1813 1184 1862 orcum
1199 1796 1312 1862 itinere
1327 1796 1357 1878 (λ
1372 1799 1445 1876 418,

218 1924 267 1987 up.
282 1924 340 1972 nos
368 1905 440 1971 add.
462 1909 511 1985 10,
531 1909 601 1985 394,
625 1905 755 1971 Kirchh.
774 1911 804 1987 9,
823 1907 928 1989 4468)
957 1907 1117 1990 subspecti
1145 1907 1222 1988 sint,
1252 1923 1315 1972 non
1343 1905 1445 1989 possis

219 2017 337 2083 videre.
380 2021 447 2082 tum
476 2035 532 2082 cur
553 2035 615 2082 non
645 2017 745 2098 possit
767 2017 872 2083 vocari
894 2017 1031 2083 Achilles
1054 2018 1253 2100 cognomine,
1283 2017 1367 2099 quod
1397 2021 1446 2084 est

218 2127 373 2216 διογενῆς,
397 2145 467 2194 cum
490 2131 595 2193 tamen
617 2127 650 2192 in
672 2128 809 2194 carmine
831 2129 941 2208 quinto
966 2127 1084 2196 decimo
1100 2129 1182 2211 (XV,
1202 2132 1294 2209 1941,
1316 2129 1444 2210 Prae),
1549 2184 1557 2212 ,

218 2243 251 2304 et
272 2238 305 2303 in
327 2237 464 2305 carmrne
487 2242 575 2308 sexto
599 2237 718 2304 decimo
741 2236 840 2324 (xvi,
858 2243 930 2319 999,
950 2221 1022 2320 914,
1050 2239 1171 2320 9919,
1191 2245 1267 2317 191)
1291 2236 1388 2316 teror,
1411 2239 1444 2304 in

220 2349 408 2416 carminibus
430 2348 483 2429 VI,
504 2348 591 2428 VIII,
615 2348 705 2428 XIII,
727 2348 833 2430 XIIII,
857 2350 926 2430 XV,
946 2349 1031 2431 XVI,
1048 2350 1148 2432 XVII,
1167 2351 1286 2416 XVIII.
1300 2349 1382 2426 δῖος,
1411 2350 1444 2425 in

220 2458 408 2525 carminibus
427 2459 512 2538 VIII,
537 2459 624 2540 XVI,
644 2459 747 2539 XVII,
772 2459 880 2525 XVIII
902 2455 990 2530 drot<
1012 2457 1215 2536 transiretur,
1244 2461 1277 2526 in
1307 2461 1444 2527 carmine

219 2574 329 2635 octavo
353 2569 455 2652 (VIII,
468 2573 539 2649 306,
556 2569 581 2649 I,
600 2571 674 2650 999)
700 2568 872 2657 διοτρεφῆς
886 2574 1024 2650 vocetur,
1046 2589 1108 2637 non
1123 2575 1220 2655 patet.
1252 2570 1333 2637 19199
1347 2571 1444 2654 igitur

217 2679 370 2762 Koechlyi
392 2685 441 2744 est
463 2680 595 2745 mutatio
618 2683 651 2746 91
673 2680 824 2745 athetasis
846 2680 967 2764 primae
989 2685 1110 2748 19489
1125 2682 1225 2764 partis
1240 2686 1443 2763 nequerecte

216 2791 244 2856 is
267 2794 355 2857 totus
377 2807 488 2855 versus
511 2790 676 2872 expellitur·
699 2809 737 2856 91
759 2791 912 2871 conplexu
935 2810 1082 2858 versuum
1105 2793 1137 2858 in
1159 2791 1221 2859 fine
1237 2793 1356 2875 primae
1372 2811 1444 2859 con·

217 2901 402 2967 tinuationis
424 2901 606 2982 positorum.
640 2901 715 2967 licet
735 2900 826 2980 enim,
849 2901 882 2967 id
904 2881 989 2984 quod
1011 2902 1182 2969 concedere
1203 2921 1266 2970 non
1289 2903 1443 2970 dubitavi-

217 3032 304 3093 mus,
336 3013 400 3078 sint
427 3017 577 3095 quattuor
603 3013 649 3079 illi
674 3031 784 3080 versus
809 3014 928 3094 A488,
955 3017 1117 3080 499-99
1147 3013 1284 3080 melioris
1312 3013 1442 3095 originis

218 3141 311 3205 qoam
339 3128 408 3189 1919
435 3123 536 3205 prima
565 3123 772 3204 continuatio,
800 3123 876 3206 quid
905 3122 1026 3207 inpedit
1052 3142 1092 3189 ne
1120 3125 1175 3204 qui
1197 3128 1347 3206 quattuor
1368 3123 1439 3190 illos

218 3253 328 3302 versus
351 3253 389 3301 91
413 3235 474 3301 alio
496 3236 633 3302 carmine
656 3235 794 3318 adrIpuit
816 3237 1030 3318 concinnator,
1053 3242 1091 3302 ut
1111 3236 1307 3318 Koechlyus,
1336 3254 1442 3303 rerum

217 3364 369 3413 novarum
392 3345 524 3429 cupidus
539 3365 664 3414 versum
686 3347 773 3412 iilum
789 3351 862 3426 489,
884 3352 1012 3430 propter
1033 3346 1243 3428 epithetorum
1259 3346 1442 3413 cumulatio·

217 3474 289 3523 nem
312 3475 387 3523 sane
409 3457 621 3540 subspectum,
644 3462 680 3523 ut
703 3456 820 3538 aliquid
843 3457 883 3524 de
905 3475 962 3522 suo
977 3457 1172 3539 admisceret,
1195 3456 1441 3540 interposuerit?

217 3567 352 3648 primum
381 3567 478 3650 igitur
504 3569 618 3634 ianiam
648 3569 687 3635 ob
714 3569 820 3634 oculos
853 3573 902 3634 est
924 3567 1144 3634 documentum
1166 3568 1233 3634 eius
1256 3569 1439 3649 sententiae,

219 3696 257 3742 91
283 3697 346 3761 qua
367 3677 577 3762 Koechlyum',
608 3680 785 3763 ubicunque
814 3679 1053 3746 aLachmanno
1082 3683 1115 3745 et
1135 3679 1275 3760 Hauptio
1299 3679 1439 3759 19999911,

217 3806 283 3854 rem
311 3790 514 3872 perturbasse
543 3794 576 3855 91
605 3808 686 3874 quae
708 3789 926 3855 Lachmannus
949 3789 1065 3870 optime
1087 3789 1248 3856 invenerat
1276 3808 1313 3855 ea
1339 3789 1438 3872 ipsius

216 3901 350 3983 argutiis
364 3901 528 3968 obcurioru
544 3902 718 3968 reddidisse
734 3919 906 3969 censemus,
939 3919 1048 3968 verum
1062 3920 1103 3967 ne
1117 3901 1259 3968 consulto
1278 3900 1441 3966 videamur

215 4012 467 4093 praetermittere
490 4032 571 4095 quae
592 4017 678 4080 recte
693 4012 872 4096 Koechlyus
894 4013 1054 4094 1111199111,
1077 4011 1257 4081 addendum
1278 4029 1440 4081 censemus

218 4140 255 4187 91
279 4127 369 4205 parte
391 4130 477 4191 recte
499 4143 571 4191 eom
593 4126 632 4191 de
647 4125 778 4192 Naeckii
800 4127 906 4209 aliqua
929 4127 1108 4194 coniectura
1131 4126 1177 4192 ita
1199 4126 1338 4191 locutum
1353 4141 1438 4192 esse:
1532 4117 1542 4125 “

219 4251 322 4330 neque
345 4235 427 4300 enim
451 4233 591 4301 Naeckio
614 4235 776 4303 adsentior
796 4256 867 4320 pag.
885 4241 946 4304 286
970 4238 1134 4305 9911919111
1156 4257 1194 4304 ex
1214 4237 1283 4318 ipsa
1305 4235 1439 4302 Menidis

215 4341 413 4411 conclusione
445 4347 589 4413 carminis
619 4347 854 4428 (1991191119
883 4349 1146 4426 continuationIs)
1168 4349 1291 4438 initium
1313 4351 1438 4429 captum

152 4503 155 4510 ,
214 4471 285 4520 esse
307 4454 366 4521 hoe
387 4457 494 4523 modo:
