3460 5370
689 415 904 476 ..37—

182 601 359 675 temporum
388 596 536 658 neutrum
558 599 670 660 auctor
692 597 869 676 respectum
892 595 972 676 uolt,
1001 594 1056 660 sed
1078 596 1183 677 potius
1206 601 1262 663 aut
1284 603 1408 680 tempus

182 703 262 770 illud
283 702 421 786 respicit,
444 720 506 783 quo
522 703 630 768 Thetis
653 722 724 770 cum
745 702 809 770 filio
833 705 997 770 conlocata
1019 709 1076 786 est,
1099 711 1155 770 aut
1169 711 1302 788 tempus,
1326 707 1410 790 quod

180 817 212 880 in
241 814 422 881 narratione
450 813 599 879 indicavit
622 815 689 880 dea.
727 815 811 897 quod
833 815 948 880 ianiam
970 815 1229 882 Friedlaenderus
1252 816 1328 882 dicit
1351 834 1408 881 sue

180 924 307 1008 quidem
338 923 495 990 sententia
523 943 625 1006 neque
647 941 707 988 uss.
725 929 884 990 475-77
906 942 1008 1007 neque
1035 944 1096 991 vss.
1114 930 1274 991 tea-92
1297 945 1410 991 novam

181 1035 331 1117 temporis
360 1033 469 1101 inferri
498 1033 757 1116 significationem
788 1039 820 1100 et
842 1035 1081 1118 descriptionem
1103 1041 1199 1119 atque
1220 1036 1341 1101 nullum
1363 1037 1408 1101 in·

184 1151 309 1227 tegrum
333 1145 399 1210 6116
422 1131 598 1210 auditorem
622 1143 688 1208 6116
703 1143 851 1208 16616161
866 1143 1030 1210 1116116616
1044 1150 1116 1226 post
1129 1145 1261 1228 primam
1277 1145 1408 1210 alterius

182 1255 422 1322 continuationis
443 1258 566 1336 partem
587 1252 819 1321 continuatione
835 1253 937 1334 prima
954 1255 986 1319 in
999 1253 1053 1319 illo
1069 1254 1103 1317 ἐκ
1118 1257 1192 1332 τοῖο,
1215 1256 1299 1339 quod
1314 1257 1410 1322 66111

182 1365 311 1431 alterius
329 1364 484 1430 secundae
502 1359 743 1431 continuationis
759 1366 860 1446 partis
871 1366 1011 1446 introitu,
1029 1385 1122 1448 posse
1140 1369 1279 1451 cogitare
1292 1368 1331 1434 de
1347 1370 1407 1434 alio

181 1475 365 1542 duodecimo
388 1474 555 1556 dicatque
578 1479 634 1541 aut
656 1476 695 1541 de
718 1475 831 1557 coqui
854 1493 873 1540 a
895 1476 1051 1559 conloquii
1074 1476 1124 1542 die
1145 1483 1328 1544 numeretur
1351 1484 1408 1544 aut

181 1586 221 1650 de
243 1603 290 1664 66,
312 1583 366 1666 qui
388 1603 407 1650 a
428 1583 478 1649 die
496 1603 515 1651 a
532 1584 663 1651 Thetide
683 1585 818 1650 indicato
838 1591 1029 1667 numeretur,
1052 1605 1109 1652 suo
1128 1588 1270 1654 acumine
1287 1586 1412 1655 fruatur

184 1713 285 1778 eoque
307 1712 384 1760 usus
407 1694 468 1761 sibi
489 1692 589 1778 fingat
610 1695 824 1776 homunculos,
848 1696 903 1776 qui
926 1697 994 1761 eius
1017 1696 1081 1761 sint
1095 1697 1211 1779 ingenii
1226 1699 1407 1779 alacritatis

182 1810 219 1870 ut
248 1805 348 1888 primo
381 1803 534 1884 adspectu
567 1804 652 1869 nulla
683 1803 811 1886 plagula
838 1811 981 1872 conmota
1009 1807 1059 1872 161
1089 1807 1253 1874 convoluta
1281 1806 1316 1870 ἐκ
1345 1811 1410 1871 τοῖο

183 1915 260 1980 illud
289 1933 351 1980 non
374 1915 415 1978 ad
437 1919 561 1994 tempus
584 1914 726 1980 versibus
748 1914 840 1980 modo
862 1915 952 1981 lectis
975 1915 1147 1982 indicatum
1168 1915 1322 1997 referant,
1355 1919 1411 1983 sed

182 2027 261 2092 duas
289 2025 437 2108 temporis
469 2023 710 2106 significationes
740 2025 952 2091 transilientes
980 2024 1021 2090 ed
1047 2026 1259 2093 narrationem
1280 2046 1410 2107 prorsus

179 2137 284 2203 aliam.
319 2135 404 2217 quod
425 2154 499 2200 uero
515 2153 577 2200 vss.
597 2139 744 2200 475-77
768 2139 800 2201 et
822 2153 884 2202 166.
903 2140 1050 2202 488—92
1073 2155 1136 2202 uon
1159 2137 1312 2202 contineri
1334 2142 1411 2203 tem·

179 2264 293 2330 porum
316 2243 559 2326 significationes
582 2244 635 2311 1116
658 2245 821 2327 opinatur,
844 2246 1021 2311 1166161
1044 2248 1149 2326 potest
1170 2245 1311 2326 refutari,
1332 2263 1410 2312 'oum

182 2355 221 2422 de
243 2357 388 2439 gustibus
410 2377 472 2424 non
494 2358 537 2422 611
555 2357 787 2440 disputandum.
821 2376 915 2441 porro
933 2357 1290 2439 quodFriedlaenderus
1308 2362 1408 2423 totam

183 2467 401 2550 antiquitatem
429 2474 461 2534 61
490 2486 613 2549 omnes,
642 2467 696 2551 qui
723 2469 898 2535 recentiore
926 2486 1002 2533 aevo
1030 2468 1126 2534 rebus
1152 2467 1327 2535 Homericis
1356 2488 1409 2534 16-

183 2577 329 2659 66161111,
352 2582 438 2644 16616
462 2577 496 2640 ἐκ
518 2581 581 2641 roio
604 2579 682 2645 illud
704 2580 780 2645 dicit
802 2577 949 2644 retulisse
971 2578 1012 2643 61
1035 2579 1246 2644 narrationem
1269 2579 1409 2644 16Τ16·

158 2687 246 2764 „tide
275 2694 332 2754 aut
360 2689 400 2754 ad
423 2688 565 2754 Thetidis
594 2691 705 2768 verba,
736 2689 814 2755 nihil
843 2693 942 2770 61161,
969 2687 1025 2754 661
1053 2707 1115 2754 161
1145 2689 1264 2772 cogitat
1285 2689 1354 2755 illos
1377 2695 1409 2754 61

181 2798 378 2880 antiquitatis
406 2801 439 2864 61
465 2798 649 2864 recentioris
680 2799 855 2865 661111166
886 2798 993 2865 166166
1016 2815 1079 2863 161
1100 2798 1261 2865 auditione
1285 2799 1409 2864 661611

180 2909 297 2990 primos
314 2908 473 2974 auditores
486 2908 652 2973 Homerica
670 2908 806 2974 carmina
823 2907 1009 2991 percepisse,
1028 2908 1083 2973 sed
1103 2909 1148 2973 eis
1166 2908 1300 2973 multum
1311 2908 1408 2975 fuisse

180 3019 330 3101 temporis
356 3019 400 3084 ad
426 3017 603 3100 reputanda
630 3018 734 3084 omnia
763 3022 796 3084 et
822 3019 863 3083 61
892 3018 1078 3084 6161161166
1101 3018 1241 3101 singulas
1263 3019 1407 3101 plagulas

180 3128 343 3208 solemque
371 3132 501 3210 propter
529 3128 611 3193 male
639 3133 818 3211 perceptam
847 3127 1078 3209 simplicitatem
1106 3125 1224 3193 factum
1254 3146 1340 3208 esse,
1370 3134 1406 3194 ut

180 3241 289 3305 nostro
320 3238 445 3304 demum
474 3238 598 3304 saeculo
629 3238 674 3303 eis
701 3237 892 3304 carminibus
914 3237 1023 3303 critice
1044 3256 1154 3303 manus
1177 3238 1406 3303 admoveretur.

180 3353 374 3432 quapropter
394 3349 472 3414 nihil
494 3349 601 3415 161611
622 3348 677 3414 illa
699 3348 877 3415 testimonia
900 3367 938 3413 ex
960 3347 1103 3413 doctrina
1124 3365 1187 3412 non
1208 3351 1332 3412 remota
1354 3366 1403 3430 pe-

181 3459 250 3526 tita.
284 3459 417 3540 denique
440 3477 510 3525 curn
526 3458 761 3525 Lachmannum
784 3457 859 3523 dicit
881 3476 943 3523 non
965 3456 1062 3522 luisse
1084 3457 1263 3538 inparatum
1286 3474 1320 3522 se
1336 3475 1408 3523 con·

181 3570 291 3637 cedere
313 3569 405 3636 nimis
427 3574 520 3636 acute
541 3569 592 3636 116
614 3569 782 3650 iudicasse,
802 3570 864 3634 nisi
877 3569 983 3651 plures
999 3569 1146 3635 adessent
1167 3569 1199 3633 in
1214 3569 1314 3651 primo
1329 3568 1409 3635 libro

181 3680 388 3761 obtensiones,
410 3681 550 3762 grauiter
572 3681 733 3746 mentitur.
767 3699 840 3746 vere
863 3679 945 3745 enirn
967 3678 1159 3746 Lachmanni
1181 3680 1212 3744 in
1235 3679 1411 3745 considera-

182 3792 320 3858 tionibus
342 3791 440 3857 verba
461 3808 591 3874 prorsus
606 3790 669 3855 alia
682 3789 796 3855 haece:
819 3788 1035 3856 vielleicht
1055 3789 1205 3854 kdnnte
1228 3807 1293 3853 nun
1309 3789 1411 3855 dieser

181 3909 229 3980 (66
250 3902 354 3984 ipsum
372 3900 490 3967 indicat
508 3899 623 3982 quippe
641 3918 733 3981 quem
749 3898 905 3980 Bergkius
924 3899 1039 3965 dixerit
1055 3917 1136 3980 eum,
1159 3899 1213 3980 qui
1230 3899 1334 3964 omnia
1349 3899 1411 3964 dis·

181 4015 339 4098 solvisset)
362 4017 512 4098 zugehen,
536 4015 611 4080 dasz
635 4014 699 4079 sein
723 4011 833 4096 geillhl
855 4012 924 4079 hier
941 4032 982 4078 zu
1001 4009 1107 4077 scheri
1123 4011 1178 4091 sei,
1201 4027 1289 4074 11611
1307 4026 1341 4073 66
1357 4008 1412 4074 161

180 4125 345 4192 bedenken
360 4125 403 4190 im
421 4129 527 4190 ersten
543 4124 644 4190 buche
663 4123 719 4190 der
735 4124 809 4194 Ilias
828 4123 914 4190 nicht
932 4123 1019 4188 mehr
1034 4122 1124 4204 gabe.
1153 4118 1231 4185 nihil
1244 4118 1294 4182 his
1310 4117 1413 4183 161116

181 4218 282 4316 inest,
306 4235 390 4300 unde
413 4234 647 4300 Lachmannum
671 4234 839 4300 concludas
862 4252 896 4300 se
919 4232 1032 4298 dixisse
1056 4250 1117 4297 non
1140 4248 1210 4295 6666
1233 4225 1412 4308 inparatum

179 4364 214 4411 se
247 4344 298 4410 hic
328 4344 420 4409 nimis
450 4345 536 4410 acuti
565 4361 677 4409 sensus
708 4340 1188 4408 6111111611161666661661616.
1230 4337 1307 4402 nihil
1331 4337 1412 4402 enim

179 4455 256 4521 dicit
283 4454 344 4519 nisi
375 4453 554 4521 fortasse
584 4471 701 4534 posse
724 4470 757 4519 se
778 4453 811 4517 in
833 4469 1017 4518 conmunem
1040 4450 1079 4516 de
1102 4449 1151 4515 his
1173 4449 1267 4516 rebus
1289 4451 1413 4514 senten·

179 4565 256 4632 tiam
280 4565 460 4647 concedere,
484 4564 544 4631 nisi
563 4565 668 4647 plures
686 4562 791 4629 adsint
808 4563 841 4629 in
860 4562 941 4628 libro
954 4560 1061 4626 iliadis
1078 4559 1177 4642 primo
1194 4556 1411 4626 disficultates.
