3460 5370
737 402 862 465 -55
905 433 962 505 -1

223 587 330 655 hiatus
365 587 499 654 inlicitus
528 605 590 654 non
620 586 737 669 legitur
763 589 889 668 praeter
912 589 989 664 311,
1018 583 1058 649 de
1085 601 1147 664 quo
1177 601 1271 650 versu
1293 582 1347 650 cl.
1367 582 1452 665 §dt

225 703 316 783 patet
337 699 433 780 igitur
455 697 558 764 rarius
580 697 701 762 bialum
723 696 785 777 legi
807 696 838 760 in
860 695 920 760 boc
941 693 1032 775 libro,
1054 711 1148 774 quam
1170 694 1202 759 in
1221 694 1309 760 libris
1329 693 1366 769 B,
1380 691 1453 768 E‚A

226 810 304 879 aliis.
338 810 377 876 de
400 809 506 874 πότνια
521 799 602 896 Ἥρη
624 808 642 891 ᾗ
663 811 702 872 67
726 811 802 872 extr.
819 805 1016 886 Syllabarum
1045 801 1186 872 finalium
1213 804 1355 871 brevium
1384 821 1455 884 pro-

225 921 390 987 ductiones
412 919 555 986 durioras
577 939 638 984 non
661 917 808 1000 leguntur
829 922 955 998 praeter
972 933 1097 982 versum
1116 919 1166 995 45,
1190 933 1283 998 quem
1305 918 1453 996 putamus

226 1048 295 1096 esse
317 1017 528 1096 adulterinum
541 1029 592 1111 (l),
614 1027 669 1095 cfr.
683 1033 701 1105 ἐ
715 1031 785 1093 229.
820 1045 877 1092 nec
899 1026 941 1090 ad
963 1030 1059 1108 caput
1074 1026 1245 1092 secundum
1262 1025 1454 1109 quaestionis

225 1147 334 1206 sauma
356 1141 493 1223 pertinet
515 1139 694 1222 quidquam.
728 1138 840 1203 malam
859 1155 1022 1203 caesuram
1039 1156 1149 1204 versus
1164 1141 1224 1203 125
1241 1137 1357 1203 delevit
1373 1134 1454 1201 Bek-

225 1250 321 1316 kerus
358 1251 497 1318 scribens
527 1246 753 1335 ἐξεπράθομεν.
801 1248 984 1314 Levioribus
1014 1247 1271 1331 productionibus
1298 1266 1360 1314 non
1384 1249 1455 1328 eget

226 1363 277 1428 hic
300 1362 389 1429 liber.
420 1361 475 1428 cfr.
497 1359 541 1444 ἓξ
555 1366 605 1426 73.
623 1366 671 1426 74.
693 1397 733 1408 -—
750 1397 792 1407 -
814 1358 1011 1443 Interlegunt
1031 1361 1164 1427 lectores
1185 1359 1224 1426 da
1246 1359 1371 1426 diversa
1393 1358 1455 1424 sin-

226 1473 373 1554 gularum
394 1473 532 1554 partium
553 1472 646 1537 huius
660 1471 733 1537 libri
747 1473 852 1536 aetate
874 1489 917 1536 ex
939 1471 1034 1536 mais
1056 1469 1368 1553 quaestionibus
1390 1487 1453 1533 non

227 1599 321 1664 posse
349 1582 501 1649 concludi.
539 1581 729 1665 perspicitur
759 1581 811 1647 illo
834 1581 901 1647 solo
924 1580 1086 1666 ὑπείξομαι
1107 1600 1165 1647 nos
1186 1600 1248 1646 non
1270 1598 1362 1661 posse
1385 1597 1456 1646 con-

227 1690 333 1758 fidere.
374 1711 445 1757 narn
473 1692 549 1772 quin
579 1693 670 1774 pauci
692 1711 801 1758 versus
830 1692 1004 1758 recentiore
1031 1696 1135 1758 aamta
1163 1691 1196 1757 in
1225 1709 1332 1757 omnes
1359 1689 1456 1757 libros

228 1803 277 1868 vel
307 1802 540 1883 antiquissimos
570 1802 660 1868 inlati
689 1802 752 1868 sint
773 1821 865 1869 nemo
887 1801 1021 1868 dubitat.
1060 1801 1229 1868 statuimus
1250 1802 1296 1866 ita
1317 1819 1374 1867 nos
1396 1801 1456 1882 ipsi

228 1913 267 1978 de
288 1913 430 1978 versibus
454 1917 525 1993 343,
549 1917 619 1994 344,
644 1918 715 1979 345.
754 1913 830 1994 quid
859 1913 892 1979 iu
918 1913 967 1978 bis
991 1912 1197 1979 Hoffmaunus
1225 1916 1311 1978 recte
1340 1912 1457 1978 iudica·

228 2023 324 2104 verit,
357 2023 431 2106 quid
461 2022 543 2114 falsa
567 2041 720 2103 quaerere
742 2023 787 2088 nil
809 2022 947 2105 adtinet,
977 2024 1032 2089 sed
1055 2023 1088 2088 id
1110 2042 1180 2089 cnm
1203 2023 1402 2088 Lachmanno
1424 2027 1457 2089 et

228 2133 367 2215 Hauptio
390 2125 562 2198 cavendum
585 2151 654 2200 esse
677 2151 848 2214 censemus,
872 2135 1004 2217 nequis
1026 2135 1118 2200 nimis
1141 2133 1265 2200 fortiter
1288 2133 1456 2200 extalibus

229 2243 324 2309 rebus
353 2242 393 2309 de
421 2244 529 2309 divera
557 2242 751 2326 singularum
781 2243 917 2324 partium
945 2245 1065 2326 origine
1087 2245 1237 2324 coniciet,
1260 2263 1330 2309 cum
1352 2244 1385 2309 iu
1405 2243 1456 2308 his

230 2353 325 2419 rebus
360 2372 416 2435 per
447 2354 676 2436 neglegentiam
705 2355 878 2435 rhapsodos
906 2355 1006 2420 multa
1034 2355 1204 2421 mutavisse
1234 2358 1266 2420 et
1296 2353 1456 2420 obvelasse

231 2483 288 2546 par
310 2483 344 2530 se
372 2468 502 2530 constet.
544 2465 621 2530 haee
650 2465 748 2546 igitur
768 2464 935 2531 habuimus
958 2484 1039 2548 quaa
1061 2466 1100 2532 de
1122 2466 1223 2546 primo
1245 2465 1355 2530 Iliadis
1376 2465 1456 2531 libro

230 2571 440 2655 proferremus
470 2593 573 2657 neque
606 2575 777 2658 quidquam
807 2575 952 2642 addimus
983 2575 1043 2641 nisi
1070 2595 1110 2642 ne
1131 2576 1234 2656 ipsum
1264 2575 1390 2656 quidem
1412 2576 1457 2640 al-

230 2683 330 2750 terius
353 2685 595 2763 continuationis
618 2691 778 2752 auctorem
801 2686 860 2753 sibi
875 2704 1004 2768 prorsus
1020 2687 1184 2752 convenire
1200 2685 1257 2751 sed
1271 2685 1403 2752 diversis
1418 2685 1457 2750 de

230 2795 373 2862 Briseide
395 2796 436 2862 ab
452 2797 685 2878 Agamemnone
704 2795 816 2862 Achilli
839 2801 948 2878 erepta
969 2794 1093 2877 fabulis,
1117 2814 1250 2879 quarum
1272 2797 1404 2863 alteram
1425 2797 1457 2862 in
1487 2835 1489 2844 ‚

232 2906 326 2987 urbe,
356 2906 388 2971 in
411 2924 473 2987 qua
495 2907 629 2986 primum
652 2907 801 2986 canebat,
831 2906 996 2987 traditam,
1026 2906 1158 2994 alteram
1180 2906 1265 2988 apud
1287 2911 1455 2990 auctorem,

233 3018 322 3082 cuius
346 3034 470 3081 carmen
493 3017 706 3095 continuabat,
729 3035 767 3082 ex
789 3015 902 3082 fabulis
923 3016 984 3097 ipsi
1005 3015 1129 3082 traditis
1145 3017 1318 3086 adhibitam
1333 3017 1458 3084 invene

233 3130 292 3207 rat,
319 3125 493 3192 subiectum
516 3145 597 3193 nunc
621 3127 705 3204 (add.
723 3131 804 3209 6,44,
829 3128 948 3204 Α391)
972 3128 1011 3194 ab
1030 3129 1262 3211 Agamemnone
1283 3128 1352 3210 ipso
1374 3145 1458 3193 nunc

233 3235 321 3322 (add.
339 3240 367 3318 6,
385 3241 443 3320 973
462 3238 493 3304 ‚A
511 3238 585 3320 507)
608 3237 648 3303 ab
668 3237 734 3302 eius
749 3238 955 3320 praeconibus
971 3238 1143 3305 Briseidem
1167 3259 1205 3305 ex
1222 3236 1351 3304 Achillis
1373 3239 1457 3304 navi-
1513 3313 1515 3318 ¹

147 3355 148 3359 ’
232 3346 291 3412 bus
323 3345 356 3410 in
376 3347 617 3430 Agamemnonis
644 3345 753 3414 naves¹
773 3351 1021 3431 transportatam
1054 3366 1185 3419 narrare
1217 3367 1320 3432 neque
1352 3353 1457 3414 tamen

232 3461 401 3539 propterea
422 3458 665 3540 vituperandum
688 3475 757 3524 esse
779 3457 835 3524 sed
858 3475 916 3525 sua
937 3459 1036 3541 ipsius
1060 3460 1149 3542 quasi
1170 3459 1252 3526 inter
1276 3460 1354 3525 duas
1369 3459 1457 3542 ignes

232 3567 368 3634 statione
391 3570 611 3635 excusandum.
644 3586 707 3648 qua
727 3569 796 3651 ipsa
809 3568 1030 3652 discrepantia,
1053 3587 1148 3650 quam
1162 3570 1281 3636 nullum
1297 3589 1457 3653 speramus

232 3678 315 3744 inter
337 3695 391 3744 eas
413 3685 659 3760 numeraturum,
687 3697 766 3762 quas
789 3678 917 3745 Curtius
939 3678 1112 3746 rectissime
1129 3700 1205 3770 pag.
1225 3686 1263 3745 17
1288 3679 1355 3762 (cfr.
1371 3699 1456 3762 supr.

232 3808 262 3872 p.
279 3793 319 3855 53
343 3790 402 3871 sq.)
426 3789 555 3855 damnat
576 3809 678 3872 neque
699 3789 878 3856 tolerabiles
900 3790 985 3871 dicit,
1010 3790 1125 3856 iterum
1147 3791 1303 3873 posterior
1325 3788 1458 3856 efficitur

232 3899 319 3982 origo
347 3899 603 3979 continuationis
633 3917 725 3979 quam
756 3900 911 3966 diversam
941 3920 961 3966 a
989 3901 1125 3967 carmine
1148 3919 1217 3967 esse
1238 3901 1311 3967 inde
1333 3917 1458 3984 quoque

235 4015 369 4092 constat,
391 4011 485 4092 quod,
509 4009 548 4076 de
570 4027 633 4090 qua
654 4029 689 4075 re
708 4011 739 4076 in
759 4011 895 4077 camnine
915 4011 991 4077 nihil
1006 4013 1130 4096 vestigii
1152 4017 1209 4093 est,
1228 4012 1339 4078 Achilli
1353 4011 1457 4079 brevis

232 4127 356 4187 tautum
377 4122 442 4186 vita
464 4120 621 4188 destinata
642 4127 797 4188 narratur.
829 4122 885 4188 aad
907 4123 934 4187 si
956 4127 1061 4188 tamen
1083 4124 1153 4206 quis
1169 4125 1218 4190 vel
1240 4125 1320 4189 hanc
1342 4123 1458 4188 disere·

232 4232 372 4312 pantiam
388 4250 565 4315 quanquam
585 4233 662 4299 satis
680 4252 699 4297 a
716 4233 805 4298 nobis
824 4232 1008 4315 explicatam
1027 4234 1153 4300 tolerari
1167 4252 1229 4299 non
1246 4251 1339 4316 posse
1356 4237 1457 4315 putat,

234 4342 385 4408 inA391
410 4360 468 4422 pro
498 4340 595 4426 ἔβαν
623 4344 795 4431 κήρυκες
821 4343 986 4426 ἄγοντες
1012 4344 1097 4425 legat
1125 4349 1249 4425 oportet
1275 4344 1456 4433 ἀπώχετο
1582 4431 1584 4435 Ι

235 4451 356 4522 αὐτὸς
376 4451 570 4538 ἀπούρας,
595 4472 651 4535 pro
671 4472 734 4535 qua
754 4452 888 4519 formula
909 4452 1001 4521 facile
1022 4453 1108 4520 illam
1128 4473 1186 4538 per
1207 4455 1338 4520 aoedum
1362 4473 1458 4537 quen·
