3460 5370
827 395 1041 458 ..30-

323 579 517 664 positionem,
539 595 633 661 quam
652 577 866 660 Agamemnon
887 579 969 644 inter
988 597 1023 644 se
1039 583 1072 644 et
1088 578 1263 660 Apollinem
1277 579 1435 644 instituit?
1459 579 1544 646 deni-

324 709 386 773 que
407 707 483 754 num
497 689 586 757 novi
608 689 794 756 carminis
809 693 947 771 auctore,
970 689 1024 773 qui
1039 689 1179 755 eiusdem
1194 689 1319 755 scholae
1334 695 1391 770 cst,
1416 691 1545 772 dignum

325 805 374 868 est
394 801 543 886 prioris
566 801 757 867 carminis
772 799 880 866 simdis
895 801 1072 884 argumenti
1086 801 1251 866 instituere
1266 801 1357 883 quasi
1370 801 1544 883 perediam,

325 911 449 995 qualem
463 913 641 996 Koechlyus
659 912 801 982 hocloco
820 916 927 979 censet
939 911 1125 978 institutam.
1152 930 1226 978 nam
1239 913 1340 978 mnam
1356 912 1438 977 Iovis
1454 912 1547 979 Iuno·

324 1022 436 1107 nisque
455 1025 542 1091 rixae
553 1023 795 1106 Agamemnonis
815 1028 847 1090 et
857 1022 987 1090 Achillis
1003 1023 1193 1106 respondere
1205 1023 1289 1103 dicit,
1307 1022 1362 1090 sed
1374 1028 1479 1089 tamen
1490 1022 1545 1105 ita,

324 1132 484 1201 etaltera
509 1135 759 1203 divinaVclcani
787 1135 989 1203 claudicantis
1018 1132 1101 1202 facili
1131 1133 1350 1201 adhortatione
1378 1135 1545 1215 iocosoque

324 1243 495 1310 ministerio
524 1262 582 1312 sua
609 1235 780 1328 spontem
813 1245 969 1328 ἄσβεστον
1000 1243 1120 1328 γέλωτα
1146 1246 1253 1325 abeat,
1282 1245 1383 1309 altera
1410 1245 1547 1310 humana

325 1371 504 1436 quanquam
524 1360 557 1420 et
578 1356 808 1438 sapientissima
826 1356 886 1422 dea
904 1357 1045 1423 Minerva
1067 1361 1099 1423 et
1117 1355 1251 1422 Nestore
1270 1373 1344 1420 sene
1361 1355 1544 1438 gravissimo

325 1462 589 1531 intercedentibus
617 1466 850 1532 innumerorum
879 1467 1032 1532 malcrum
1060 1467 1102 1532 sit
1129 1467 1237 1549 origo?
1268 1485 1371 1532 nonne
1393 1466 1449 1531 tali
1473 1485 1546 1546 par·

325 1572 398 1638 odia
430 1579 540 1640 auctor
571 1576 632 1642 toti
665 1575 789 1642 scholae
822 1575 1012 1643 inlusisset?
1040 1595 1080 1642 an
1113 1595 1187 1642 vero
1216 1575 1368 1643 Goethius
1390 1581 1447 1640 aut
1469 1576 1542 1641 alio·

324 1702 396 1751 rum
418 1691 583 1767 po'e'tarum
605 1688 675 1770 quis
698 1705 827 1754 suorum
846 1687 946 1771 ipsius
968 1688 1139 1754 carminum
1161 1688 1309 1771 parodias
1331 1686 1429 1752 fecit?
1459 1691 1544 1766 post-

323 1812 410 1862 remo
438 1814 513 1863 num
539 1803 625 1864 recte
653 1797 763 1865 credas
790 1797 881 1866 novi
909 1798 1102 1865 carminis
1129 1802 1289 1864 auctorem
1318 1797 1359 1861 ad
1386 1797 1546 1879 prioris

325 1907 514 1973 carminis
537 1908 675 1974 auctoris
697 1909 794 1975 verba
813 1908 1007 1992 phrasesquc
1029 1909 1075 1974 ita
1090 1927 1124 1974 se
1139 1907 1377 1987 adconmodare,
1399 1912 1436 1973 ut
1450 1907 1545 1972 huius

324 2019 424 2100 partis
446 2025 606 2088 auctorem
628 2040 662 2088 se
684 2023 912 2088 adcommodare
940 2026 1030 2104 patet
1050 2022 1092 2088 ad
1113 2022 1208 2104 primi
1230 2020 1375 2086 carminis
1397 2020 1546 2103 po'e'tam?

324 2127 410 2195 hisce
435 2130 531 2197 rebus
561 2136 594 2198 ct
622 2135 815 2216 argumentis
836 2133 943 2218 potius
963 2133 997 2198 in
1019 2133 1253 2200 continuatione
1274 2130 1365 2214 primi
1391 2130 1545 2209 carminis,

324 2257 420 2322 quam
449 2241 482 2306 in
510 2259 590 2308 novo
619 2243 755 2309 carmine
782 2261 840 2310 nos
867 2244 986 2310 versari
1015 2244 1091 2310 satis
1121 2261 1277 2325 superque
1299 2242 1429 2308 evicisse
1457 2241 1547 2308 nohis

324 2348 475 2418 videmur.
516 2353 765 2420 continuatorem
795 2354 877 2420 enim
904 2371 1032 2420 necesse
1063 2358 1172 2420 estse
1200 2371 1295 2437 quam
1317 2353 1547 2420 studiosissime

325 2459 483 2542 adplicare
513 2467 546 2528 et
572 2461 802 2530 adconmodare
830 2464 870 2530 ad
900 2465 967 2530 eius
997 2465 1088 2532 cuius
1116 2483 1194 2546 opus
1221 2465 1383 2529 continuat
1411 2468 1548 2530 mentem

326 2576 359 2638 ct
380 2572 581 2655 sententiam,
605 2592 784 2658 quanquam
805 2593 863 2656 per
884 2592 991 2642 rerum
1012 2581 1128 2641 natura
1149 2594 1211 2641 non
1233 2575 1367 2658 poterit,
1396 2574 1472 2657 quin
1493 2573 1546 2640 hic

325 2681 388 2748 illic
417 2673 637 2749 descisceret
665 2702 703 2749 co
732 2701 831 2765 eaque
859 2704 895 2750 re
923 2689 1033 2766 aperte
1062 2703 1096 2750 se
1124 2685 1220 2750 ahum
1242 2685 1356 2768 prodat
1384 2704 1421 2752 ac
1442 2685 1546 2767 ipsum

326 2797 496 2874 auctorem,
518 2793 591 2860 novi
612 2813 686 2860 vero
708 2795 854 2860 carminis
877 2796 999 2861 auctori
1017 2809 1215 2879 nequaquam
1237 2796 1311 2862 licet
1325 2797 1379 2876 ita,
1402 2801 1437 2861 ut
1453 2796 1545 2862 huius

326 2902 426 2984 partis
448 2909 558 2971 auctor
579 2904 671 2987 iacit,
700 2906 831 2972 alterius
854 2909 885 2972 et
913 2907 1026 2990 prioris
1049 2907 1193 2973 carminis
1216 2911 1366 2988 tanquam
1387 2907 1548 2989 archetypi
1650 2893 1662 2916 ⁶

327 3012 437 3094 verba,
460 3014 622 3098 dictiones,
647 3019 843 3084 narrationes
864 3017 1021 3100 respicere
1043 3018 1150 3098 eisque
1172 3035 1207 3084 se
1229 3017 1466 3084 adconmodare.
1503 3017 1549 3081 sic

327 3123 423 3206 igitur
445 3125 500 3206 eis,
522 3142 603 3207 quae
625 3127 804 3210 Koechlyus
827 3127 939 3210 adfert,
961 3128 1066 3211 potius
1089 3128 1353 3195 continuationem
1376 3146 1446 3194 esse
1467 3127 1550 3192 hanc

328 3239 451 3317 partem
474 3237 610 3302 evictum
631 3242 680 3303 est
702 3256 796 3320 quam
809 3225 933 3304 'novum
955 3255 1089 3320 carmen,
1112 3259 1169 3323 pro
1192 3258 1253 3323 quo
1269 3238 1439 3322 Kochlyus,
1462 3237 1551 3303 Hoff-

327 3363 459 3412 mannus
481 3364 583 3428 neque
604 3366 666 3412 non
682 3347 839 3414 Naeckius
861 3349 942 3415 hanc
956 3354 1079 3432 partem
1093 3349 1218 3432 habent,
1241 3369 1336 3432 quam
1349 3369 1407 3431 pro
1422 3349 1550 3433 proprio

328 3474 470 3541 novoque
493 3457 629 3523 carmine
650 3458 791 3524 habitam
807 3459 964 3525 Naeckius
986 3465 1077 3546 τιμῆς
1098 3462 1163 3527 sive
1186 3461 1342 3549 τιμήσεως
1364 3461 1488 3528 nomine
1506 3461 1550 3525 in·

329 3571 481 3635 structam
499 3569 573 3635 volt.
606 3568 684 3636 haec
704 3569 738 3635 in
760 3570 942 3636 universum
964 3571 1126 3654 disputata
1147 3572 1318 3639 lectoribus
1341 3563 1570 3651 satisfaciant,

328 3678 475 3745 incitatus
503 3679 586 3745 enim
613 3679 672 3746 hoc
700 3680 792 3746 modo
821 3685 854 3746 et
882 3686 1045 3748 conmotus
1068 3683 1123 3766 qui
1145 3683 1268 3766 singula
1291 3683 1461 3749 studiosius
1483 3699 1552 3764 per·

328 3791 519 3874 tractaverit,
535 3808 606 3858 eum
621 3791 720 3857 multo
736 3791 837 3874 magis
849 3793 1056 3874 probaturum
1067 3777 1148 3860 hanc
1160 3795 1346 3860 sententiam
1359 3793 1551 3862 confidimus.

330 3918 411 3983 quae
434 3920 504 3969 cum
526 3903 571 3968 ita
593 3902 670 3992 sint,
699 3903 770 3970 unis
794 3904 993 3972 Lachmanno
1017 3910 1049 3974 at
1070 3905 1226 3990 Hauptio,
1253 3906 1307 3988 qui
1329 3909 1416 3971 recta
1438 3905 1477 3972 de
1498 3905 1553 3971 illa

333 4007 427 4095 primi
448 4014 520 4083 libri
542 4020 633 4100 parte
654 4016 747 4096 primi
768 4019 976 4101 protulerunt,
998 4037 1060 4084 non
1075 4018 1233 4100 Koechlyo
1255 4021 1384 4100 propter
1403 4035 1553 4083 novarum

339 4141 445 4191 rerum
470 4130 503 4193 ct
530 4128 729 4211 propriarum
758 4129 1007 4196 coniecturarum
1029 4128 1166 4194 studium
1189 4147 1283 4211 saepe
1306 4129 1421 4195 erranti
1445 4107 1554 4194 adsen-

333 4235 473 4333 tiendum
496 4242 554 4305 est.
587 4240 649 4306 iam
664 4258 738 4307 vero
760 4239 836 4306 nihil
858 4238 992 4322 amplius
1014 4238 1053 4305 de
1067 4239 1228 4322 Koechlyo
1243 4239 1293 4305 hic
1310 4239 1388 4306 false
1402 4239 1554 4324 iudicanti

333 4344 512 4414 addendum
538 4349 628 4416 nobis
656 4356 753 4434 esset,
786 4350 859 4432 nisi,
892 4354 930 4416 ut
955 4350 1085 4416 carmini
1115 4368 1172 4418 suo
1201 4351 1293 4417 alteri
1314 4351 1437 4417 initium
1465 4368 1554 4430 prae

331 4456 456 4541 figeret,
486 4460 565 4527 miro
594 4461 685 4529 modo
714 4478 840 4529 versum
862 4461 969 4526 Adae
1001 4477 1058 4543 per
1085 4479 1120 4528 se
1151 4466 1236 4528 recte
1264 4467 1459 4529 constantem
1488 4461 1555 4526 sine

331 4586 445 4637 caussa
475 4571 669 4638 mutavisset.
710 4574 845 4656 primum
875 4571 957 4638 enim
983 4571 1119 4655 primum
1143 4572 1373 4640 hemistichium
1395 4571 1462 4638 sola
1485 4589 1556 4636 con-
