3460 5370
759 413 967 473 ..14-

254 593 319 672 ubi,
341 592 477 674 quando,
498 593 553 677 qni
570 592 682 677 Apollo
704 611 810 660 116166
832 591 1033 672 interfecerit,
1055 597 1089 658 et
1109 593 1252 658 versibus
1273 599 1333 660 139
1347 594 1388 674 (Α
1401 596 1475 677 139)

255 709 288 772 61
306 709 366 770 148
382 705 424 782 (Α
437 707 522 787 148),
543 705 577 770 16
599 705 713 787 quibus
735 706 821 772 nullo
842 704 950 770 addito
973 703 1112 784 epitheto
1127 705 1205 768 Aiax
1221 705 1349 785 quidam
1363 723 1477 770 memo

254 819 361 895 ratur,
388 815 443 898 qni
471 821 545 882 6161
572 817 614 882 611
635 816 719 882 unde
741 815 934 898 conligamus
956 832 1018 878 non
1040 813 1192 879 habemus
1221 831 1323 894 66666
1352 816 1476 894 scimus,

253 931 359 994 utrum
381 927 527 994 carminis
548 931 667 1008 auctor,
690 927 745 1010 qui
766 931 832 992 1616
853 927 937 992 nude
960 927 999 992 de
1015 927 1111 992 Aiace
1125 926 1275 1008 loquitur,
1297 946 1394 994 unum
1409 933 1477 992 tan-

252 1044 321 1106 tum
337 1037 813 1121 6666616111111666616611666,
835 1037 1038 1103 Salaminium
1053 1043 1085 1103 et
1096 1037 1241 1117 Locrum,
1264 1038 1478 1120 6666161611·

253 1167 386 1233 qunrnm
414 1149 585 1216 carminum
613 1150 733 1232 aliquot
760 1153 949 1214 memoratos
976 1152 1009 1213 at
1030 1148 1201 1212 disiunctos
1223 1148 1414 1229 invenimus,
1443 1153 1476 1212 et

252 1277 315 1326 166.
332 1264 392 1326 168
408 1279 475 1343 sqq.
496 1260 538 1342 (A
555 1265 615 1325 158
634 1266 726 1343 sqq.)‚
754 1259 868 1342 quibus
888 1259 1084 1341 paucissimis
1107 1259 1282 1342 adtingitur
1305 1257 1414 1324 fabula
1437 1259 1476 1322 de

252 1369 351 1437 totius
372 1369 447 1436 belli
468 1370 595 1436 Troiani
616 1370 736 1452 origine
758 1377 791 1435 ct
819 1373 954 1452 caussis,
982 1371 1022 1437 de
1043 1372 1158 1454 quibus
1180 1374 1226 1438 ita
1247 1371 1334 1453 loqui
1355 1371 1476 1438 auctori

252 1481 397 1548 carminis
418 1482 522 1548 brevis
543 1480 711 1565 conplexus
732 1481 831 1558 licuit,
854 1502 916 1549 666
937 1483 1077 1549 licuisset
1098 1483 1219 1548 6661611
1240 1483 1376 1563 ingentis
1398 1481 1477 1546 mul·

252 1597 358 1658 terum
379 1592 499 1658 milium
522 1611 670 1660 versuum
691 1595 855 1676 poematis,
877 1599 910 1661 et
923 1612 986 1660 166.
1002 1598 1062 1658 163
1077 1611 1145 1676 sqq.
1167 1594 1209 1675 (A
1225 1597 1285 1658 163
1304 1591 1386 1675 sqq.)
1409 1593 1476 1675 qui-

251 1701 311 1768 bus
332 1703 441 1784 paucis
463 1704 846 1787 6666166166161611616
867 1703 1059 1772 Graecorum
1081 1702 1220 1770 facinora
1240 1706 1273 1768 in
1296 1702 1475 1769 disiciendis

251 1811 383 1880 urbibus
411 1813 494 1880 circa
522 1813 615 1878 llium
645 1815 756 1894 positis
777 1820 904 1880 versata
925 1818 958 1880 et
979 1814 1166 1896 praedarum
1189 1816 1233 1880 ibi
1254 1814 1408 1880 1616161616
1430 1815 1476 1878 in-

251 1923 335 1990 iusta
356 1923 545 2004 distributio,
567 1929 676 1990 61166.
694 1929 755 1990 259
773 1943 842 2008 sqq.
861 1926 978 2008 (1260
995 1927 1066 2008 sq),
1089 1926 1203 2008 quibus
1225 1926 1341 1991 Nestor
1362 1944 1397 1990 66
1421 1925 1476 1990 ali·

251 2034 377 2118 qnando
403 2053 603 2117 congressum
633 2052 703 2102 6666
731 2053 801 2101 curn
823 2035 964 2118 priorum
985 2040 1125 2102 aetatum
1147 2036 1309 2116 heroibus,
1337 2036 1475 2101 cumeis

249 2163 416 2229 pugnasse,
439 2146 484 2212 eis
506 2145 634 2212 consilia
655 2145 789 2228 adcepta
810 2147 1014 2230 subposuisse
1036 2145 1122 2228 dicit,
1143 2147 1315 2230 respiciens
1330 2165 1367 2212 eo
1382 2146 1475 2212 modo

250 2253 372 2323 fabulas
405 2255 612 2335 amaboicus,
645 2274 724 2338 quas
758 2257 899 2339 cognitas
928 2256 1125 2322 auditoribus
1154 2275 1223 2322 esse
1251 2263 1337 2324 recte
1365 2263 1476 2324 auctor
1537 2263 1550 2270 “

249 2365 369 2449 posuit,
391 2370 569 2432 6116301
594 2368 635 2443 (A
654 2370 745 2448 307),
768 2384 854 2447 616,
882 2385 1062 2449 quanquam
1084 2373 1178 2434 66166
1200 2387 1261 2434 666
1285 2369 1395 2435 obvius
1417 2369 1476 2432 Pa·

250 2477 368 2544 trnclus
381 2478 596 2559 patronymica
606 2482 744 2559 1666161,
762 2496 857 2560 quam
875 2479 908 2542 in
924 2497 992 2544 rem
1009 2479 1129 2560 primus
1140 2479 1298 2562 Hauptius
1314 2479 1475 2546 doctorum

250 2586 357 2654 oculos
379 2588 541 2652 convcrt't.
580 2588 631 2652 his
652 2589 749 2670 igitur
777 2589 972 2655 documentis
992 2590 1071 2655 satis
1093 2593 1237 2656 constare
1259 2591 1383 2656 videtur
1405 2606 1475 2655 eam

250 2715 344 2780 quam
366 2702 538 2765 mactamus
560 2698 670 2764 Iliadis
692 2705 814 2782 partem
837 2718 899 2765 666
920 2718 990 2766 6666
1008 2701 1140 2782 primam
1159 2701 1294 2783 ingentis
1307 2702 1474 2767 multorum

249 2809 370 2878 milium
398 2827 546 2874 versuum
572 2810 741 2892 6161166116,
772 2810 828 2876 sad
856 2829 926 2878 6666
953 2829 1009 2894 661
1035 2829 1070 2877 66
1098 2817 1293 2878 constantem
1317 2817 1475 2878 cantatam

250 2918 333 3002 apud
362 2919 539 3002 auditores,
565 2920 620 3000 qui
646 2921 785 2986 omnium
805 2920 983 2988 fabularum
1005 2921 1294 3004 antiquissimarum
1316 2922 1476 2989 habebant

250 3030 468 3113 cognitionem.
502 3049 663 3098 versamur
691 3032 723 3097 in
751 3032 875 3114 singulo
897 3032 937 3099 de
958 3031 1006 3097 ira
1024 3031 1153 3097 Achillis
1176 3034 1330 3114 carmine,
1358 3033 1474 3114 inquo

248 3145 315 3208 tres
337 3142 509 3210 obcurrunt
529 3143 606 3224 loci,
627 3143 660 3208 in
681 3142 795 3224 quibus
823 3143 874 3208 dei
899 3141 1077 3209 inferuntur
1102 3144 1163 3210 sibi
1185 3121 1345 3210 sumentes
1367 3163 1474 3209 rerum

248 3253 457 3334 gerendarum
477 3257 595 3336 partes.
621 3254 757 3337 primum
774 3255 857 3320 enim
875 3256 983 3320 16166.
1001 3260 1041 3319 43
1060 3273 1128 3338 sqq.
1147 3255 1190 3342 (A
1201 3261 1242 3320 43
1260 3257 1342 3337 666.)
1362 3254 1472 3337 Apollo

249 3381 336 3445 6166,
357 3364 515 3445 pharetra,
537 3363 662 3447 sagittis
684 3365 857 3431 instructus
875 3365 914 3430 da
926 3365 1057 3448 Olympo
1075 3366 1268 3448 degreditur,
1285 3366 1474 3435 Achivorum

249 3474 361 3540 castris
391 3475 637 3559 adpropinquat,
665 3475 875 3556 pestilentiam
902 3476 1038 3559 primum
1059 3475 1142 3542 16161
1163 3477 1280 3543 bestias
1303 3482 1369 3542 tum
1391 3478 1474 3544 inter

249 3582 393 3650 homines
414 3590 520 3652 movet
541 3586 645 3652 missis
666 3587 700 3651 in
722 3585 893 3652 exercitum
914 3587 1048 3668 sagittis.
1082 3587 1194 3653 deinde
1215 3589 1246 3654 in
1270 3607 1332 3654 166.
1350 3593 1388 3652 55
1405 3606 1472 3670 sqq.

248 3691 289 3774 (A
303 3698 343 3759 55
360 3696 443 3778 sqq.)
467 3696 546 3762 Iuno
567 3695 718 3764 Achillem
748 3702 926 3779 66666161,
955 3701 991 3761 61
1019 3697 1198 3764 concionem
1228 3699 1268 3765 de
1295 3700 1474 3781 pestilentia

248 3809 407 3872 66616661.
448 3806 583 3890 denique
610 3809 643 3874 16
671 3813 813 3876 166193
834 3827 900 3891 sqq.
930 3810 971 3890 (A
991 3813 1052 3874 194
1077 3813 1137 3892 66.)
1165 3810 1244 3876 1666
1272 3811 1474 3877 6111166116

249 3914 399 3983 Achillem
426 3916 607 4001 prohibent,
636 3939 676 3984 66
704 3919 810 4002 gladio
828 3921 1092 4003 Agamemnonem
1118 3921 1267 3986 16166161.
1308 3927 1357 3987 661
1378 3922 1474 4004 igitur

248 4043 330 4092 unus
353 4027 506 4094 eiusmodi
527 4028 615 4095 16616
638 4030 721 4095 16161
735 4048 846 4096 versus
870 4036 1018 4096 centenos
1041 4030 1138 4098 denos
1160 4032 1272 4114 quinos
1287 4050 1474 4115 carmenque

248 4154 358 4204 eorum
380 4138 520 4206 locorum
542 4143 702 4222 paucitate
724 4140 857 4206 excellit.
891 4159 985 4222 porro
1008 4145 1134 4207 exstant
1154 4142 1186 4207 in
1202 4142 1337 4207 carmine
1355 4143 1476 4225 aliquot

246 4247 333 4324 ἅπαξ
347 4247 505 4336 εἰρημένα.
536 4249 669 4334 legimus
692 4251 773 4317 enim
797 4251 950 4316 161699
974 4251 1015 4334 (A
1027 4256 1082 4330 99)
1106 4252 1282 4330 ἀνάποινον,
1305 4255 1472 4321 1616104

248 4358 290 4440 (A
310 4363 391 4436 104)
413 4359 650 4445 λαμπετόωντι),
674 4363 706 4427 16
728 4381 774 4428 VS.
799 4368 858 4428 113
882 4363 921 4442 (Α
940 4367 1020 4440 113)
1044 4363 1264 4448 προβέβουλα,
1294 4366 1471 4432 1616119
1597 4450 1604 4457 ¹

248 4468 289 4552 (A
306 4473 380 4548 119)
402 4468 588 4557 ἀγέραστος,
611 4474 643 4538 16
658 4491 703 4540 VS.
727 4478 787 4539 126
810 4474 851 4557 (A
866 4475 939 4556 126)
956 4473 1132 4557 παλίλλογα,
1156 4476 1187 4540 16
1204 4495 1247 4541 vs.
1264 4482 1323 4542 128
1341 4478 1381 4558 (Α
1396 4481 1471 4554 128)

247 4577 377 4668 τριπλῇ,
401 4579 575 4670 τετραπλῇ,
599 4583 631 4648 16
654 4601 699 4650 VS.
723 4589 782 4649 166
807 4585 848 4669 (A
862 4586 944 4668 166)
968 4585 1090 4670 δασμός
1098 4635 1107 4664 ,
1130 4588 1227 4652 1616.
1249 4593 1311 4654 204
1335 4592 1375 4670 (Α
1395 4586 1471 4673 205)
