3460 5370
720 389 932 452 ...51-

214 593 245 655 p.
269 569 332 655 11).
365 570 424 636 nisi
451 571 556 653 potius
578 571 706 638 Homeri
735 590 846 638 nomen
869 591 941 640 cum
962 573 1199 640 Muellenhoilio
1224 574 1291 656 (cfr.
1313 595 1370 642 zur
1392 597 1443 660 ge·

220 681 360 748 echichtc
381 681 437 746 der
450 681 627 764 Nibclunge
649 681 705 747 ndi
725 701 797 766 pag.
816 684 869 766 71)
891 703 948 766 pro
971 683 1160 766 adpellativo
1183 686 1307 752 nomine
1326 687 1442 752 haben-

219 793 293 858 dum
323 795 356 858 et
383 796 439 857 cut
466 792 584 858 socium
613 797 669 858 aut
696 792 829 860 libenter
854 795 1021 875 adceptum
1043 799 1204 860 cantorem
1228 797 1293 862 sive
1315 795 1442 883 ἐρίηρον

215 901 325 966 ἀοιδὸν
347 906 403 966 aut
424 920 505 982 eum,
527 901 581 982 qui
603 899 699 989 φανῇ
717 903 864 990 ὁμηρεύει
882 905 970 990 (Hcs
987 905 1091 989 theog.
1107 911 1160 983 39)
1185 907 1324 974 indicare
1339 908 1441 974 dicen-

215 1014 289 1079 dum
323 1016 381 1078 est.
402 1053 403 1056 =
422 1025 515 1095 porro
549 1014 632 1094 quod
667 1013 929 1080 Friedlaenderus
963 1016 1038 1082 dicit
1070 1017 1244 1100 Hauptium
1277 1017 1361 1083 inter
1386 1037 1440 1084 cas

215 1122 361 1190 dictionis
382 1121 592 1204 proprietates
614 1141 797 1190 numerasse
819 1125 913 1192 etiarn
936 1126 1088 1193 dictiones
1113 1132 1145 1192 et
1167 1128 1335 1207 vocabula,
1362 1146 1442 1210 quae

214 1234 264 1299 vel
285 1233 318 1298 in
340 1232 386 1298 eis
409 1232 600 1298 carminibus
624 1232 749 1300 obvium
770 1234 863 1315 irent
887 1253 967 1315 quae
989 1236 1209 1302 Lachmannus
1232 1238 1441 1320 adgnouissct,

215 1363 278 1411 non
307 1343 472 1425 mentitur,
503 1343 558 1409 sed
589 1362 651 1409 non
673 1345 894 1411 animadvertit
915 1345 983 1411 sola
1006 1365 1044 1412 ea
1066 1347 1106 1412 ab
1129 1348 1268 1428 Hauptio
1292 1349 1440 1414 denotata

212 1473 281 1522 esse
309 1455 464 1535 carmina,
495 1473 576 1536 quae
605 1453 712 1520 multis
743 1455 850 1534 cisque
873 1456 1056 1522 certissimis
1079 1457 1200 1523 indiciis
1224 1463 1348 1540 constat
1369 1477 1440 1525 esse

210 1563 393 1648 posterioris
422 1564 550 1646 originis
578 1583 671 1647 quarn
699 1565 834 1645 primurn
863 1570 896 1631 et
924 1566 1043 1648 aliquot
1075 1567 1137 1632 alia
1170 1567 1323 1649 carmina,
1356 1589 1438 1652 quae

213 1675 437 1758 antiquissimis
459 1674 584 1742 scholae
599 1676 784 1742 Homericae
807 1681 877 1741 orta
899 1681 973 1741 sunt
994 1677 1159 1742 aetatibus.
1198 1678 1331 1766 denique
1353 1682 1438 1760 quod

212 1786 264 1851 illc
299 1785 376 1852 dicit
407 1785 581 1866 Hauptium
614 1785 646 1850 in
678 1786 821 1852 versibus
856 1787 999 1853 ducentis
1031 1787 1185 1853 eiusmodi
1218 1788 1369 1855 dictiones
1404 1798 1436 1856 et

211 1895 362 1963 vocabula
383 1895 494 1977 viginti
523 1900 646 1961 tautum
675 1895 849 1978 invenisse,
879 1914 913 1962 se
936 1915 1011 1962 vero
1038 1896 1071 1962 in
1093 1899 1234 1964 versibus
1256 1899 1348 1980 primi
1371 1918 1436 1965 car-

211 2007 303 2073 minis
325 2007 476 2073 trecentis
497 2007 708 2091 quadraginta
730 2010 868 2089 quinque
891 2006 1008 2073 vidisse
1029 2007 1240 2091 quadraginta
1253 2015 1348 2092 atque
1363 2029 1437 2075 eun·

212 2119 284 2185 dem
307 2135 376 2184 csse
397 2117 568 2184 dictionum
585 2122 618 2198 et
634 2117 856 2184 vocabulorum
873 2117 968 2184 semel
988 2122 1111 2183 tantum
1132 2119 1365 2185 obcurrentium
1382 2139 1439 2202 per

144 2305 146 2310 ¹
212 2245 319 2295 omnes
334 2227 440 2293 Iliadis
453 2227 562 2315 similis
577 2229 745 2310 conplexus
756 2233 862 2312 partes
874 2246 1046 2310 numerum,
1063 2228 1145 2295 male
1155 2229 1284 2296 iudinat.
1306 2231 1439 2313 primum

211 2339 293 2405 enim
315 2356 376 2405 non
399 2338 497 2404 sensit-
511 2338 683 2421 Hauptium
707 2339 847 2405 consulto
861 2358 908 2406 ca
929 2344 1055 2406 tantum
1069 2340 1221 2405 vocabula
1239 2344 1272 2405 et
1286 2339 1437 2406 dictiones

211 2467 355 2530 curasse,
383 2467 465 2531 quac
493 2449 611 2530 aliquid
639 2450 755 2516 habent
778 2451 961 2516 adrentum
984 2434 1134 2517 iudicium
1155 2450 1320 2531 momenti,
1351 2456 1383 2516 et
1405 2452 1438 2515 in

211 2561 326 2627 talibus
347 2561 443 2626 rebus
465 2559 553 2625 nihili
574 2577 674 2641 paene
697 2577 766 2625 esse
788 2579 967 2639 numerum,
997 2560 1053 2626 sed
1082 2561 1187 2642 potius
1218 2579 1317 2644 genus
1340 2565 1372 2626 et
1393 2562 1438 2626 in-

211 2671 313 2737 dolem
331 2671 558 2753 respiciendam
581 2689 650 2737 esse
673 2690 781 2737 earum
803 2671 1031 2752 proprietatum
1047 2671 1186 2750 indeque
1204 2670 1369 2753 perspicue
1384 2671 1437 2736 ad·

208 2799 320 2864 parere
350 2782 483 2846 alteram
510 2780 776 2846 continuationem
805 2799 874 2846 esse
902 2780 1118 2863 posteriorem.
1162 2781 1274 2846 deinde
1302 2799 1374 2847 eum
1404 2801 1439 2847 sc

208 2891 240 2956 in
261 2892 362 2974 primo
378 2890 570 2956 Lachmanni
594 2891 732 2957 carmine
752 2891 963 2973 quadraginta
983 2891 1099 2956 vidisse
1120 2891 1264 2974 proprias
1287 2891 1437 2957 dictiones

210 3002 363 3068 dicentem
393 3019 455 3066 non
483 3000 680 3080 probandum
707 3017 776 3064 esse
801 3001 935 3067 alterum
958 3005 1156 3069 recensentes
1179 3001 1271 3081 primi
1293 3001 1438 3066 carminis

210 3111 296 3183 ἅπαξ
323 3110 470 3197 εἰρημένα
497 3110 683 3176 evincamus.
721 3111 853 3193 legimus
883 3116 989 3176 autem
1013 3110 1086 3193 (cir.
1104 3093 1175 3194 pag.
1195 3116 1253 3189 14)
1276 3112 1309 3176 in
1331 3129 1377 3176 vs,
1397 3117 1436 3178 99

209 3220 250 3304 (Α
263 3221 316 3305 99)
339 3221 515 3296 ἀνάποινον,
537 3220 570 3286 in
585 3239 629 3286 vs.
644 3225 704 3286 104
716 3221 756 3302 (Α
771 3221 844 3301 104)
860 3220 1090 3305 λαμπετόωντα,
1114 3223 1146 3287 in
1162 3240 1207 3288 vs.
1224 3225 1283 3287 113
1300 3221 1344 3306 (Α
1358 3223 1434 3303 113)

211 3331 424 3417 προβέβουλα,
438 3331 470 3396 in
478 3349 522 3397 vn.
533 3336 594 3396 119
608 3333 650 3408 (Α
660 3328 734 3417 119)
748 3331 933 3418 ἀγέραστος,
945 3332 977 3396 in
989 3349 1036 3398 VS.
1048 3335 1107 3397 126
1121 3332 1162 3413 (A
1174 3333 1246 3414 126)
1259 3329 1436 3412 παλίλλογα,

209 3444 240 3508 in
262 3461 307 3508 vs.
328 3443 388 3507 128
403 3442 445 3523 (A
459 3443 532 3524 128)
556 3439 680 3529 τριπλῇ,
705 3438 874 3528 τετραπλῇ,
896 3441 929 3507 in
952 3460 996 3518 vs.
1019 3446 1079 3506 166
1103 3440 1141 3526 (A
1162 3443 1234 3525 166)
1251 3441 1381 3526 δασμός,
1405 3443 1437 3507 in

209 3571 255 3618 vs·
273 3557 336 3618 204
353 3553 393 3635 (Α
410 3557 486 3630 205)
504 3551 717 3639 ὑπεροπλίῃσι,
732 3551 765 3616 in
777 3571 821 3616 ve.
834 3555 897 3616 224
911 3551 952 3634 (Α
970 3552 1045 3634 225)
1059 3551 1254 3638 ποινοβαρές,
1270 3552 1302 3616 in
1315 3571 1360 3618 vs.
1375 3557 1436 3618 230

210 3663 250 3744 (A
268 3659 345 3748 231)
375 3659 575 3750 δημοβόρος,
605 3662 637 3727 in
660 3679 705 3726 vs.
724 3665 786 3726 234
809 3661 850 3744 (Α
873 3667 951 3739 235)
975 3662 1069 3749 cupa),
1097 3662 1129 3727 in
1150 3680 1195 3727 vs.
1215 3666 1276 3727 260
1300 3662 1340 3742 (Α
1358 3662 1434 3747 261)

209 3770 367 3860 ἀθέριζον,
389 3773 421 3837 in
435 3789 480 3838 vs.
498 3776 560 3837 290
577 3773 617 3854 (Α
633 3775 709 3850 292)
733 3771 923 3860 ὑποβλήδην.
952 3775 1027 3836 sunt
1049 3771 1147 3853 igitur
1169 3772 1340 3837 secundum
1356 3771 1436 3836 Bek-

207 3883 327 3966 kerum,
349 3902 411 3965 quo
434 3888 519 3950 recte
541 3883 591 3949 usi
614 3897 684 3949 esse
705 3883 795 3950 nobis
818 3883 959 3948 videmur
981 3887 1119 3962 auctore,
1142 3901 1205 3948 non
1227 3883 1437 3964 quadraginta

208 3995 294 4067 ἅπαξ
314 3993 462 4082 εἰρημένα
484 3995 516 4060 in
538 3993 639 4076 primo
662 3993 855 4060 Lachmanni
876 3992 1022 4073 carmine,
1045 3994 1101 4058 sed
1116 3993 1375 4074 quattuordecim,
1399 3998 1436 4058 ut

208 4124 304 4172 unum
319 4106 361 4170 sit
374 4105 456 4171 inter
471 4123 581 4172 versus
597 4105 723 4172 vicenos
738 4105 837 4171 binos.
865 4122 973 4169 verum
988 4122 1050 4168 non
1065 4108 1207 4169 nostrum
1223 4107 1272 4169 esi
1286 4103 1317 4167 in
1329 4103 1389 4186 hac
1400 4121 1434 4168 re

207 4214 495 4295 Fricdlaendcrum,
520 4215 608 4281 cuius
633 4215 809 4298 opinionem
832 4213 871 4278 de
889 4213 982 4296 primi
998 4213 1104 4280 Iliadis
1124 4213 1197 4279 iibri
1212 4213 1333 4278 unitate
1347 4230 1434 4292 pror-

208 4343 262 4390 sus
290 4324 399 4390 falsam
424 4342 494 4390 esse
516 4326 647 4392 ducibus
669 4325 869 4392 Lachmanno
893 4328 926 4389 et
946 4323 1084 4405 Hauptio
1107 4322 1182 4388 viris
1210 4327 1319 4388 nostra
1340 4320 1435 4387 laude

209 4435 423 4518 superioribus
446 4434 524 4500 satis
546 4453 703 4519 superque
724 4435 954 4514 interleximus,
985 4432 1138 4514 refutare,
1166 4450 1236 4500 cum
1257 4431 1433 4515 philologus

1191 4532 1229 4588 μ
