<?xml version="1.0" encoding="UTF-8"?>
<!DOCTYPE html PUBLIC "-//W3C//DTD XHTML 1.0 Transitional//EN"
    "http://www.w3.org/TR/xhtml1/DTD/xhtml1-transitional.dtd">
<html xmlns="http://www.w3.org/1999/xhtml" xml:lang="en" lang="en">
 <head>
  <title>
</title>
<meta http-equiv="Content-Type" content="text/html;charset=utf-8" />
  <meta name='ocr-system' content='tesseract 3.04.00' />
  <meta name='ocr-capabilities' content='ocr_page ocr_carea ocr_par ocr_line ocrx_word'/>
</head>
<body>
  <div class='ocr_page' id='page_1' title='image "./deiliadislibrop00benigoog_0040.png"; bbox 0 0 3460 5370; ppageno 0'>
   <div class='ocr_carea' id='block_1_1' title="bbox 689 435 900 497">
    <p class='ocr_par' dir='ltr' id='par_1_1' title="bbox 689 435 900 497">
     <span class='ocr_line' id='line_1_1' title="bbox 689 435 900 497; baseline 0.009 -17"><span class='ocrx_word' id='word_1_1' title='bbox 689 435 900 497; x_wconf 61' lang='lat'><strong>..33-</strong></span> 
     </span>
    </p>
   </div>
   <div class='ocr_carea' id='block_1_2' title="bbox 153 612 1408 4434">
    <p class='ocr_par' dir='ltr' id='par_1_2' title="bbox 153 612 1408 4434">
     <span class='ocr_line' id='line_1_2' title="bbox 183 612 1403 704; baseline -0.002 -22"><span class='ocrx_word' id='word_1_2' title='bbox 183 617 296 696; x_wconf 90' lang='lat' dir='ltr'>sidico‚</span> <span class='ocrx_word' id='word_1_3' title='bbox 326 617 451 700; x_wconf 83' lang='lat' dir='ltr'>egregie</span> <span class='ocrx_word' id='word_1_4' title='bbox 480 616 563 683; x_wconf 87' lang='lat' dir='ltr'>cavit</span> <span class='ocrx_word' id='word_1_5' title='bbox 591 621 684 699; x_wconf 82' lang='lat' dir='ltr'>poeta</span> <span class='ocrx_word' id='word_1_6' title='bbox 706 619 873 700; x_wconf 87' lang='lat' dir='ltr'>prooemio:</span> <span class='ocrx_word' id='word_1_7' title='bbox 903 615 1010 680; x_wconf 79' lang='grc' dir='ltr'><em>οἷσόο·</em></span> <span class='ocrx_word' id='word_1_8' title='bbox 1043 614 1089 704; x_wconf 84' lang='grc' dir='ltr'>τίη</span> <span class='ocrx_word' id='word_1_9' title='bbox 1113 639 1157 681; x_wconf 85' lang='grc' dir='ltr'>τοι</span> <span class='ocrx_word' id='word_1_10' title='bbox 1180 619 1276 680; x_wconf 82' lang='grc' dir='ltr'><em>ταῦτα</em></span> <span class='ocrx_word' id='word_1_11' title='bbox 1303 612 1403 704; x_wconf 65' lang='lat' dir='ltr'>radoin</span> 
     </span>
     <span class='ocr_line' id='line_1_3' title="bbox 184 724 1404 811; baseline 0.002 -20"><span class='ocrx_word' id='word_1_12' title='bbox 184 724 288 791; x_wconf 85' lang='grc' dir='ltr'><em>πάντ’</em></span> <span class='ocrx_word' id='word_1_13' title='bbox 306 726 465 811; x_wconf 55' lang='grc' dir='ltr'><em>ἀγορεύω</em></span> <span class='ocrx_word' id='word_1_14' title='bbox 495 726 579 807; x_wconf 93' lang='lat' dir='ltr'>quod</span> <span class='ocrx_word' id='word_1_15' title='bbox 606 727 708 806; x_wconf 90' lang='lat' dir='ltr'>ipsum</span> <span class='ocrx_word' id='word_1_16' title='bbox 727 727 947 792; x_wconf 85' lang='lat' dir='ltr'>Aristarcheae</span> <span class='ocrx_word' id='word_1_17' title='bbox 969 726 1146 793; x_wconf 88' lang='lat' dir='ltr'>atheteseos</span> <span class='ocrx_word' id='word_1_18' title='bbox 1169 746 1281 794; x_wconf 83' lang='lat' dir='ltr'><strong>caussa</strong></span> <span class='ocrx_word' id='word_1_19' title='bbox 1309 728 1404 794; x_wconf 89' lang='lat' dir='ltr'>luisse</span> 
     </span>
     <span class='ocr_line' id='line_1_4' title="bbox 153 831 1405 924; baseline -0.002 -22"><span class='ocrx_word' id='word_1_20' title='bbox 153 845 155 852; x_wconf 89' lang='lat'>&#39;</span> <span class='ocrx_word' id='word_1_21' title='bbox 183 837 314 902; x_wconf 85' lang='lat' dir='ltr'>dicitur:</span> <span class='ocrx_word' id='word_1_22' title='bbox 343 837 390 899; x_wconf 87' lang='grc' dir='ltr'>ότι</span> <span class='ocrx_word' id='word_1_23' title='bbox 419 836 609 919; x_wconf 79' lang='grc' dir='ltr'><em>παλιλλοηεῖν</em></span> <span class='ocrx_word' id='word_1_24' title='bbox 639 831 832 924; x_wconf 76' lang='grc' dir='ltr'><em>παρῄτητυι·</em></span> <span class='ocrx_word' id='word_1_25' title='bbox 867 835 1020 921; x_wconf 78' lang='grc' dir='ltr'><em>ἀλλότριοι</em></span> <span class='ocrx_word' id='word_1_26' title='bbox 1049 836 1112 922; x_wconf 77' lang='grc' dir='ltr'>ἄρα</span> <span class='ocrx_word' id='word_1_27' title='bbox 1135 839 1163 899; x_wconf 81' lang='lat' dir='ltr'>oi</span> <span class='ocrx_word' id='word_1_28' title='bbox 1185 836 1405 924; x_wconf 79' lang='grc' dir='ltr'><em>ἐπιφερόμενοι</em></span> 
     </span>
     <span class='ocr_line' id='line_1_5' title="bbox 183 944 1404 1036; baseline -0.001 -25"><span class='ocrx_word' id='word_1_29' title='bbox 183 947 278 1036; x_wconf 75' lang='grc' dir='ltr'><em>στίχοι</em></span> <span class='ocrx_word' id='word_1_30' title='bbox 307 944 418 1010; x_wconf 83' lang='grc' dir='ltr'><em>εἴκοσιν</em></span> <span class='ocrx_word' id='word_1_31' title='bbox 447 945 527 1010; x_wconf 79' lang='grc' dir='ltr'><em>ἑπτά</em></span> <span class='ocrx_word' id='word_1_32' title='bbox 534 995 542 1023; x_wconf 94' lang='grc'><em>,</em></span> <span class='ocrx_word' id='word_1_33' title='bbox 572 948 622 1012; x_wconf 92' lang='lat' dir='ltr'>cui</span> <span class='ocrx_word' id='word_1_34' title='bbox 651 949 788 1026; x_wconf 82' lang='lat' dir='ltr'>perbene</span> <span class='ocrx_word' id='word_1_35' title='bbox 816 946 977 1028; x_wconf 88' lang='lat' dir='ltr'>respondit</span> <span class='ocrx_word' id='word_1_36' title='bbox 1007 948 1103 1013; x_wconf 88' lang='lat' dir='ltr'>alins:</span> <span class='ocrx_word' id='word_1_37' title='bbox 1138 947 1244 1034; x_wconf 78' lang='grc' dir='ltr'><em>ἄκρως</em></span> <span class='ocrx_word' id='word_1_38' title='bbox 1272 946 1404 1035; x_wconf 83' lang='grc' dir='ltr'><em>ἐνέφηνε</em></span> 
     </span>
     <span class='ocr_line' id='line_1_6' title="bbox 183 1053 1404 1144; baseline -0.002 -22"><span class='ocrx_word' id='word_1_39' title='bbox 183 1059 218 1122; x_wconf 81' lang='grc' dir='ltr'>τό</span> <span class='ocrx_word' id='word_1_40' title='bbox 238 1053 428 1142; x_wconf 70' lang='grc' dir='ltr'><em>βαρύθυμον</em></span> <span class='ocrx_word' id='word_1_41' title='bbox 458 1057 508 1121; x_wconf 79' lang='grc' dir='ltr'>διὰ</span> <span class='ocrx_word' id='word_1_42' title='bbox 539 1060 592 1121; x_wconf 81' lang='grc' dir='ltr'>τοῦ</span> <span class='ocrx_word' id='word_1_43' title='bbox 616 1057 795 1143; x_wconf 87' lang='grc' dir='ltr'><em>προοιμίου·</em></span> <span class='ocrx_word' id='word_1_44' title='bbox 829 1059 877 1120; x_wconf 76' lang='grc' dir='ltr'>καὶ</span> <span class='ocrx_word' id='word_1_45' title='bbox 899 1059 979 1144; x_wconf 82' lang='grc' dir='ltr'><em>πρὸς</em></span> <span class='ocrx_word' id='word_1_46' title='bbox 1001 1057 1125 1128; x_wconf 79' lang='grc' dir='ltr'><em>εἰδότας</em></span> <span class='ocrx_word' id='word_1_47' title='bbox 1146 1056 1183 1120; x_wconf 74' lang='grc' dir='ltr'>δὲ</span> <span class='ocrx_word' id='word_1_48' title='bbox 1205 1055 1281 1128; x_wconf 63' lang='lat' dir='ltr'>ido&lt;</span> <span class='ocrx_word' id='word_1_49' title='bbox 1305 1057 1404 1141; x_wconf 67' lang='grc' dir='ltr'><em>λέγειν</em></span> 
     </span>
     <span class='ocr_line' id='line_1_7' title="bbox 183 1166 1403 1256; baseline 0.001 -25"><span class='ocrx_word' id='word_1_50' title='bbox 183 1166 437 1254; x_wconf 76' lang='grc' dir='ltr'><em>ἐπικουφίζοντος</em></span> <span class='ocrx_word' id='word_1_51' title='bbox 469 1170 523 1256; x_wconf 75' lang='grc' dir='ltr'>τὴν</span> <span class='ocrx_word' id='word_1_52' title='bbox 543 1167 678 1256; x_wconf 67' lang='grc' dir='ltr'><em>«ὀδύνην.</em></span> <span class='ocrx_word' id='word_1_53' title='bbox 728 1187 862 1251; x_wconf 90' lang='lat' dir='ltr'>quocum</span> <span class='ocrx_word' id='word_1_54' title='bbox 895 1166 1037 1233; x_wconf 86' lang='lat' dir='ltr'>conferas</span> <span class='ocrx_word' id='word_1_55' title='bbox 1075 1168 1268 1233; x_wconf 89' lang='lat' dir='ltr'>Lachmanni</span> <span class='ocrx_word' id='word_1_56' title='bbox 1307 1169 1403 1234; x_wconf 87' lang='lat' dir='ltr'>uerba</span> 
     </span>
     <span class='ocr_line' id='line_1_8' title="bbox 183 1277 1405 1361; baseline -0.001 -18"><span class='ocrx_word' id='word_1_57' title='bbox 183 1299 254 1361; x_wconf 89' lang='lat' dir='ltr'>pag.</span> <span class='ocrx_word' id='word_1_58' title='bbox 269 1285 303 1342; x_wconf 84' lang='lat'>7:</span> <span class='ocrx_word' id='word_1_59' title='bbox 334 1279 385 1344; x_wconf 90' lang='lat' dir='ltr'>die</span> <span class='ocrx_word' id='word_1_60' title='bbox 413 1278 691 1360; x_wconf 87' lang='lat' dir='ltr'>anakephalacosis</span> <span class='ocrx_word' id='word_1_61' title='bbox 714 1279 756 1344; x_wconf 89' lang='lat' dir='ltr'>ist</span> <span class='ocrx_word' id='word_1_62' title='bbox 781 1279 855 1344; x_wconf 90' lang='lat' dir='ltr'>sehr</span> <span class='ocrx_word' id='word_1_63' title='bbox 877 1277 975 1343; x_wconf 85' lang='lat' dir='ltr'>schdn</span> <span class='ocrx_word' id='word_1_64' title='bbox 996 1279 1029 1341; x_wconf 90' lang='lat' dir='ltr'>in</span> <span class='ocrx_word' id='word_1_65' title='bbox 1051 1277 1151 1344; x_wconf 90' lang='lat' dir='ltr'>eincm</span> <span class='ocrx_word' id='word_1_66' title='bbox 1174 1278 1292 1343; x_wconf 91' lang='lat' dir='ltr'>andern</span> <span class='ocrx_word' id='word_1_67' title='bbox 1313 1277 1405 1358; x_wconf 90' lang='lat' dir='ltr'>liede,</span> 
     </span>
     <span class='ocr_line' id='line_1_9' title="bbox 184 1387 1406 1470; baseline -0.002 -18"><span class='ocrx_word' id='word_1_68' title='bbox 184 1389 216 1452; x_wconf 95' lang='lat' dir='ltr'>in</span> <span class='ocrx_word' id='word_1_69' title='bbox 239 1389 325 1454; x_wconf 88' lang='lat' dir='ltr'>einer</span> <span class='ocrx_word' id='word_1_70' title='bbox 346 1387 551 1470; x_wconf 85' lang='lat' dir='ltr'>fortsetzung,</span> <span class='ocrx_word' id='word_1_71' title='bbox 574 1389 624 1454; x_wconf 90' lang='lat' dir='ltr'>die</span> <span class='ocrx_word' id='word_1_72' title='bbox 639 1407 673 1453; x_wconf 93' lang='lat' dir='ltr'>so</span> <span class='ocrx_word' id='word_1_73' title='bbox 689 1408 730 1454; x_wconf 91' lang='lat' dir='ltr'>an</span> <span class='ocrx_word' id='word_1_74' title='bbox 747 1389 835 1454; x_wconf 91' lang='lat' dir='ltr'>einen</span> <span class='ocrx_word' id='word_1_75' title='bbox 852 1389 970 1453; x_wconf 89' lang='lat' dir='ltr'>andern</span> <span class='ocrx_word' id='word_1_76' title='bbox 985 1388 1140 1454; x_wconf 89' lang='lat' dir='ltr'>beliebten</span> <span class='ocrx_word' id='word_1_77' title='bbox 1155 1405 1272 1468; x_wconf 87' lang='lat' dir='ltr'>gesang</span> <span class='ocrx_word' id='word_1_78' title='bbox 1287 1387 1406 1452; x_wconf 83' lang='lat' dir='ltr'>nurdck</span> 
     </span>
     <span class='ocr_line' id='line_1_10' title="bbox 185 1498 1404 1580; baseline -0.001 -17"><span class='ocrx_word' id='word_1_79' title='bbox 185 1499 334 1563; x_wconf 89' lang='lat' dir='ltr'>erinnert.</span> <span class='ocrx_word' id='word_1_80' title='bbox 369 1498 503 1580; x_wconf 90' lang='lat' dir='ltr'>denique</span> <span class='ocrx_word' id='word_1_81' title='bbox 519 1499 727 1565; x_wconf 90' lang='lat' dir='ltr'>rectissimum</span> <span class='ocrx_word' id='word_1_82' title='bbox 745 1499 920 1580; x_wconf 87' lang='lat' dir='ltr'>Koechlyus</span> <span class='ocrx_word' id='word_1_83' title='bbox 936 1499 975 1564; x_wconf 91' lang='lat' dir='ltr'>de</span> <span class='ocrx_word' id='word_1_84' title='bbox 987 1498 1196 1565; x_wconf 84' lang='lat' dir='ltr'>Aristarcheis</span> <span class='ocrx_word' id='word_1_85' title='bbox 1212 1498 1404 1563; x_wconf 87' lang='lat' dir='ltr'>athetesibus</span> 
     </span>
     <span class='ocr_line' id='line_1_11' title="bbox 183 1607 1404 1692; baseline -0.003 -18"><span class='ocrx_word' id='word_1_86' title='bbox 183 1607 304 1691; x_wconf 88' lang='lat' dir='ltr'>profert</span> <span class='ocrx_word' id='word_1_87' title='bbox 324 1608 384 1673; x_wconf 93' lang='lat' dir='ltr'>hoc</span> <span class='ocrx_word' id='word_1_88' title='bbox 406 1609 569 1674; x_wconf 90' lang='lat' dir='ltr'>iudicium:</span> <span class='ocrx_word' id='word_1_89' title='bbox 593 1615 642 1675; x_wconf 90' lang='lat' dir='ltr'>cst</span> <span class='ocrx_word' id='word_1_90' title='bbox 664 1610 788 1676; x_wconf 90' lang='lat' dir='ltr'>omnino</span> <span class='ocrx_word' id='word_1_91' title='bbox 811 1610 925 1692; x_wconf 82' lang='lat' dir='ltr'>duplex</span> <span class='ocrx_word' id='word_1_92' title='bbox 940 1607 1404 1674; x_wconf 87' lang='lat' dir='ltr'>athetesconAristarchcarum</span> 
     </span>
     <span class='ocr_line' id='line_1_12' title="bbox 183 1718 1405 1801; baseline 0 -19"><span class='ocrx_word' id='word_1_93' title='bbox 183 1736 282 1801; x_wconf 90' lang='lat' dir='ltr'>genus</span> <span class='ocrx_word' id='word_1_94' title='bbox 306 1719 390 1800; x_wconf 84' lang='lat' dir='ltr'>(nam</span> <span class='ocrx_word' id='word_1_95' title='bbox 413 1735 433 1782; x_wconf 94' lang='lat' dir='ltr'>a</span> <span class='ocrx_word' id='word_1_96' title='bbox 454 1718 640 1786; x_wconf 89' lang='lat' dir='ltr'>Zenodoteis</span> <span class='ocrx_word' id='word_1_97' title='bbox 663 1721 787 1786; x_wconf 91' lang='lat' dir='ltr'>omnino</span> <span class='ocrx_word' id='word_1_98' title='bbox 810 1721 912 1785; x_wconf 90' lang='lat' dir='ltr'>minus</span> <span class='ocrx_word' id='word_1_99' title='bbox 935 1721 1065 1784; x_wconf 88' lang='lat' dir='ltr'>inminet</span> <span class='ocrx_word' id='word_1_100' title='bbox 1087 1718 1239 1801; x_wconf 87' lang='lat' dir='ltr'>periculi),</span> <span class='ocrx_word' id='word_1_101' title='bbox 1263 1736 1344 1799; x_wconf 89' lang='lat' dir='ltr'>quae</span> <span class='ocrx_word' id='word_1_102' title='bbox 1366 1737 1405 1782; x_wconf 91' lang='lat' dir='ltr'>ne</span> 
     </span>
     <span class='ocr_line' id='line_1_13' title="bbox 186 1827 1405 1911; baseline 0.001 -20"><span class='ocrx_word' id='word_1_103' title='bbox 186 1827 337 1911; x_wconf 88' lang='lat' dir='ltr'>inponant</span> <span class='ocrx_word' id='word_1_104' title='bbox 358 1829 447 1895; x_wconf 91' lang='lat' dir='ltr'>nobis</span> <span class='ocrx_word' id='word_1_105' title='bbox 471 1847 582 1896; x_wconf 88' lang='lat' dir='ltr'>cavere</span> <span class='ocrx_word' id='word_1_106' title='bbox 605 1830 764 1911; x_wconf 71' lang='lat' dir='ltr'>debemus</span> <span class='ocrx_word' id='word_1_107' title='bbox 787 1831 922 1911; x_wconf 91' lang='lat' dir='ltr'>primurn</span> <span class='ocrx_word' id='word_1_108' title='bbox 945 1846 1165 1909; x_wconf 74' lang='lat' dir='ltr'>eorumquae</span> <span class='ocrx_word' id='word_1_109' title='bbox 1189 1827 1228 1892; x_wconf 92' lang='lat' dir='ltr'>ad</span> <span class='ocrx_word' id='word_1_110' title='bbox 1251 1828 1405 1893; x_wconf 90' lang='lat' dir='ltr'>tollendas</span> 
     </span>
     <span class='ocr_line' id='line_1_14' title="bbox 185 1939 1405 2022; baseline -0.002 -18"><span class='ocrx_word' id='word_1_111' title='bbox 185 1941 355 2005; x_wconf 83' lang='lat' dir='ltr'><strong>carminum</strong></span> <span class='ocrx_word' id='word_1_112' title='bbox 374 1941 600 2022; x_wconf 89' lang='lat' dir='ltr'>discrepantias</span> <span class='ocrx_word' id='word_1_113' title='bbox 620 1941 829 2006; x_wconf 86' lang='lat' dir='ltr'>instituuntur</span> <span class='ocrx_word' id='word_1_114' title='bbox 846 1941 986 2006; x_wconf 84' lang='lat' dir='ltr'>creditae</span> <span class='ocrx_word' id='word_1_115' title='bbox 1000 1939 1131 2005; x_wconf 87' lang='lat' dir='ltr'>unitatis</span> <span class='ocrx_word' id='word_1_116' title='bbox 1142 1939 1254 2021; x_wconf 87' lang='lat' dir='ltr'>gratia,</span> <span class='ocrx_word' id='word_1_117' title='bbox 1271 1939 1405 2004; x_wconf 91' lang='lat' dir='ltr'>alterum</span> 
     </span>
     <span class='ocr_line' id='line_1_15' title="bbox 185 2049 1403 2137; baseline -0.002 -23"><span class='ocrx_word' id='word_1_118' title='bbox 185 2067 310 2129; x_wconf 86' lang='lat' dir='ltr'>aarum,</span> <span class='ocrx_word' id='word_1_119' title='bbox 338 2067 419 2131; x_wconf 89' lang='lat' dir='ltr'>qnae</span> <span class='ocrx_word' id='word_1_120' title='bbox 447 2050 498 2114; x_wconf 79' lang='grc' dir='ltr'>διὰ</span> <span class='ocrx_word' id='word_1_121' title='bbox 521 2051 555 2114; x_wconf 85' lang='grc' dir='ltr'>τὸ</span> <span class='ocrx_word' id='word_1_122' title='bbox 578 2051 719 2137; x_wconf 76' lang='grc' dir='ltr'><em>ἀπρεπὲς</em></span> <span class='ocrx_word' id='word_1_123' title='bbox 741 2052 995 2116; x_wconf 89' lang='lat' dir='ltr'>conmendantur.</span> <span class='ocrx_word' id='word_1_124' title='bbox 1029 2049 1143 2114; x_wconf 91' lang='lat' dir='ltr'>inillis</span> <span class='ocrx_word' id='word_1_125' title='bbox 1166 2053 1203 2114; x_wconf 92' lang='lat' dir='ltr'>ut</span> <span class='ocrx_word' id='word_1_126' title='bbox 1224 2049 1403 2115; x_wconf 84' lang='lat' dir='ltr'>criticorum</span> 
     </span>
     <span class='ocr_line' id='line_1_16' title="bbox 182 2159 1405 2242; baseline -0.002 -18"><span class='ocrx_word' id='word_1_127' title='bbox 182 2160 328 2240; x_wconf 89' lang='lat' dir='ltr'>princeps</span> <span class='ocrx_word' id='word_1_128' title='bbox 351 2159 459 2226; x_wconf 89' lang='lat' dir='ltr'>eadem</span> <span class='ocrx_word' id='word_1_129' title='bbox 488 2177 551 2240; x_wconf 88' lang='lat' dir='ltr'>qua</span> <span class='ocrx_word' id='word_1_130' title='bbox 574 2161 701 2226; x_wconf 91' lang='lat' dir='ltr'>unitarii</span> <span class='ocrx_word' id='word_1_131' title='bbox 726 2161 827 2225; x_wconf 85' lang='lat' dir='ltr'>nostri</span> <span class='ocrx_word' id='word_1_132' title='bbox 849 2161 994 2242; x_wconf 87' lang='lat' dir='ltr'>opinione</span> <span class='ocrx_word' id='word_1_133' title='bbox 1016 2165 1214 2225; x_wconf 89' lang='lat' dir='ltr'>transversus</span> <span class='ocrx_word' id='word_1_134' title='bbox 1237 2164 1325 2224; x_wconf 88' lang='lat' dir='ltr'>actus</span> <span class='ocrx_word' id='word_1_135' title='bbox 1348 2163 1405 2237; x_wconf 88' lang='lat' dir='ltr'>est,</span> 
     </span>
     <span class='ocr_line' id='line_1_17' title="bbox 183 2267 1405 2353; baseline 0.002 -21"><span class='ocrx_word' id='word_1_136' title='bbox 183 2269 229 2333; x_wconf 92' lang='lat' dir='ltr'>ita</span> <span class='ocrx_word' id='word_1_137' title='bbox 259 2269 292 2333; x_wconf 94' lang='lat' dir='ltr'>in</span> <span class='ocrx_word' id='word_1_138' title='bbox 319 2270 370 2335; x_wconf 94' lang='lat' dir='ltr'>his</span> <span class='ocrx_word' id='word_1_139' title='bbox 397 2270 496 2352; x_wconf 88' lang='lat' dir='ltr'>magis</span> <span class='ocrx_word' id='word_1_140' title='bbox 523 2289 616 2353; x_wconf 90' lang='lat' dir='ltr'>quam</span> <span class='ocrx_word' id='word_1_141' title='bbox 647 2276 804 2337; x_wconf 87' lang='lat' dir='ltr'>nostrates</span> <span class='ocrx_word' id='word_1_142' title='bbox 825 2271 933 2352; x_wconf 87' lang='lat' dir='ltr'>lapsus</span> <span class='ocrx_word' id='word_1_143' title='bbox 956 2289 1026 2336; x_wconf 88' lang='lat' dir='ltr'>essa</span> <span class='ocrx_word' id='word_1_144' title='bbox 1047 2270 1171 2334; x_wconf 87' lang='lat' dir='ltr'>videtur</span> <span class='ocrx_word' id='word_1_145' title='bbox 1192 2287 1254 2333; x_wconf 92' lang='lat' dir='ltr'>non</span> <span class='ocrx_word' id='word_1_146' title='bbox 1277 2272 1342 2332; x_wconf 91' lang='lat' dir='ltr'>tam</span> <span class='ocrx_word' id='word_1_147' title='bbox 1365 2267 1405 2334; x_wconf 93' lang='lat' dir='ltr'>ad</span> 
     </span>
     <span class='ocr_line' id='line_1_18' title="bbox 185 2378 1405 2462; baseline 0 -20"><span class='ocrx_word' id='word_1_148' title='bbox 185 2383 359 2460; x_wconf 85' lang='lat' dir='ltr'>temporum</span> <span class='ocrx_word' id='word_1_149' title='bbox 382 2379 578 2446; x_wconf 89' lang='lat' dir='ltr'>heroicorum</span> <span class='ocrx_word' id='word_1_150' title='bbox 600 2382 738 2446; x_wconf 89' lang='lat' dir='ltr'>nativam</span> <span class='ocrx_word' id='word_1_151' title='bbox 762 2381 994 2462; x_wconf 89' lang='lat' dir='ltr'>simplieitatem</span> <span class='ocrx_word' id='word_1_152' title='bbox 1016 2398 1111 2462; x_wconf 89' lang='lat' dir='ltr'>quam</span> <span class='ocrx_word' id='word_1_153' title='bbox 1133 2378 1174 2444; x_wconf 91' lang='lat' dir='ltr'>ad</span> <span class='ocrx_word' id='word_1_154' title='bbox 1188 2378 1307 2444; x_wconf 88' lang='lat' dir='ltr'>aulicae</span> <span class='ocrx_word' id='word_1_155' title='bbox 1321 2379 1405 2442; x_wconf 85' lang='lat' dir='ltr'>uitae</span> 
     </span>
     <span class='ocr_line' id='line_1_19' title="bbox 187 2487 1405 2570; baseline 0 -18"><span class='ocrx_word' id='word_1_156' title='bbox 187 2487 312 2554; x_wconf 87' lang='lat' dir='ltr'>delicias</span> <span class='ocrx_word' id='word_1_157' title='bbox 340 2490 580 2569; x_wconf 87' lang='lat' dir='ltr'>aequaliumqne</span> <span class='ocrx_word' id='word_1_158' title='bbox 610 2494 719 2556; x_wconf 89' lang='lat' dir='ltr'>acutas</span> <span class='ocrx_word' id='word_1_159' title='bbox 748 2509 839 2555; x_wconf 89' lang='lat' dir='ltr'>nares</span> <span class='ocrx_word' id='word_1_160' title='bbox 868 2489 992 2556; x_wconf 89' lang='lat' dir='ltr'>honesti</span> <span class='ocrx_word' id='word_1_161' title='bbox 1022 2494 1118 2570; x_wconf 87' lang='lat' dir='ltr'>atque</span> <span class='ocrx_word' id='word_1_162' title='bbox 1140 2488 1245 2554; x_wconf 89' lang='lat' dir='ltr'>decori</span> <span class='ocrx_word' id='word_1_163' title='bbox 1267 2488 1405 2553; x_wconf 89' lang='lat' dir='ltr'>rationes</span> 
     </span>
     <span class='ocr_line' id='line_1_20' title="bbox 185 2596 1405 2680; baseline 0.001 -20"><span class='ocrx_word' id='word_1_164' title='bbox 185 2616 341 2664; x_wconf 84' lang='lat' dir='ltr'>revocans¹</span> <span class='ocrx_word' id='word_1_165' title='bbox 378 2599 438 2664; x_wconf 90' lang='lat' dir='ltr'>huc</span> <span class='ocrx_word' id='word_1_166' title='bbox 461 2618 533 2664; x_wconf 91' lang='lat' dir='ltr'>curn</span> <span class='ocrx_word' id='word_1_167' title='bbox 547 2618 643 2680; x_wconf 88' lang='lat' dir='ltr'>supra</span> <span class='ocrx_word' id='word_1_168' title='bbox 660 2600 809 2665; x_wconf 84' lang='lat' dir='ltr'>athetasis</span> <span class='ocrx_word' id='word_1_169' title='bbox 830 2601 992 2664; x_wconf 74' lang='lat' dir='ltr'>Ana-31</span> <span class='ocrx_word' id='word_1_170' title='bbox 1013 2597 1160 2678; x_wconf 89' lang='lat' dir='ltr'>pertinet,</span> <span class='ocrx_word' id='word_1_171' title='bbox 1182 2597 1233 2662; x_wconf 91' lang='lat' dir='ltr'>eni</span> <span class='ocrx_word' id='word_1_172' title='bbox 1249 2597 1312 2662; x_wconf 92' lang='lat' dir='ltr'>iam</span> <span class='ocrx_word' id='word_1_173' title='bbox 1328 2596 1405 2661; x_wconf 92' lang='lat' dir='ltr'>satis</span> 
     </span>
     <span class='ocr_line' id='line_1_21' title="bbox 185 2706 1405 2791; baseline -0.005 -16"><span class='ocrx_word' id='word_1_174' title='bbox 185 2708 443 2775; x_wconf 86' lang='lat' dir='ltr'>contradixerunt</span> <span class='ocrx_word' id='word_1_175' title='bbox 465 2709 595 2791; x_wconf 84' lang='lat' dir='ltr'>antiqui,</span> <span class='ocrx_word' id='word_1_176' title='bbox 619 2714 694 2789; x_wconf 82' lang='lat' dir='ltr'>tum,</span> <span class='ocrx_word' id='word_1_177' title='bbox 717 2715 754 2775; x_wconf 93' lang='lat' dir='ltr'>ut</span> <span class='ocrx_word' id='word_1_178' title='bbox 768 2709 1045 2775; x_wconf 88' lang='lat' dir='ltr'>luculentissimum</span> <span class='ocrx_word' id='word_1_179' title='bbox 1066 2725 1206 2790; x_wconf 90' lang='lat' dir='ltr'>promam</span> <span class='ocrx_word' id='word_1_180' title='bbox 1223 2706 1405 2788; x_wconf 88' lang='lat' dir='ltr'>exemplum,</span> 
     </span>
     <span class='ocr_line' id='line_1_22' title="bbox 184 2815 1405 2901; baseline -0.002 -19"><span class='ocrx_word' id='word_1_181' title='bbox 184 2818 206 2891; x_wconf 77' lang='grc' dir='ltr'><em>ζ</em></span> <span class='ocrx_word' id='word_1_182' title='bbox 218 2821 279 2882; x_wconf 86' lang='grc'>244</span> <span class='ocrx_word' id='word_1_183' title='bbox 296 2837 342 2900; x_wconf 91' lang='lat' dir='ltr'>sq.</span> <span class='ocrx_word' id='word_1_184' title='bbox 365 2823 397 2883; x_wconf 90' lang='lat' dir='ltr'>et</span> <span class='ocrx_word' id='word_1_185' title='bbox 418 2823 575 2900; x_wconf 81' lang='lat'>275-88,</span> <span class='ocrx_word' id='word_1_186' title='bbox 598 2838 660 2901; x_wconf 91' lang='lat' dir='ltr'>qua</span> <span class='ocrx_word' id='word_1_187' title='bbox 683 2820 869 2884; x_wconf 83' lang='lat' dir='ltr'>suavissima</span> <span class='ocrx_word' id='word_1_188' title='bbox 892 2820 1047 2901; x_wconf 86' lang='lat' dir='ltr'>ingenuae</span> <span class='ocrx_word' id='word_1_189' title='bbox 1068 2816 1197 2898; x_wconf 90' lang='lat' dir='ltr'>virginis</span> <span class='ocrx_word' id='word_1_190' title='bbox 1213 2815 1405 2882; x_wconf 86' lang='lat' dir='ltr'>confessione</span> 
     </span>
     <span class='ocr_line' id='line_1_23' title="bbox 183 2927 1405 3014; baseline 0 -22"><span class='ocrx_word' id='word_1_191' title='bbox 183 2945 278 3008; x_wconf 89' lang='lat' dir='ltr'>aegre</span> <span class='ocrx_word' id='word_1_192' title='bbox 300 2945 457 3008; x_wconf 89' lang='lat' dir='ltr'>caremus,</span> <span class='ocrx_word' id='word_1_193' title='bbox 480 2946 550 2993; x_wconf 88' lang='lat' dir='ltr'>eum</span> <span class='ocrx_word' id='word_1_194' title='bbox 573 2929 612 2993; x_wconf 92' lang='lat' dir='ltr'>de</span> <span class='ocrx_word' id='word_1_195' title='bbox 635 2933 830 3014; x_wconf 82' lang='grc' dir='ltr'><strong>η310-16</strong></span> <span class='ocrx_word' id='word_1_196' title='bbox 854 2928 953 3010; x_wconf 85' lang='lat' dir='ltr'>magis</span> <span class='ocrx_word' id='word_1_197' title='bbox 976 2927 1113 2994; x_wconf 90' lang='lat' dir='ltr'>dubitari</span> <span class='ocrx_word' id='word_1_198' title='bbox 1135 2928 1245 3011; x_wconf 87' lang='lat' dir='ltr'>possit.</span> <span class='ocrx_word' id='word_1_199' title='bbox 1278 2946 1337 2994; x_wconf 91' lang='lat' dir='ltr'>nec</span> <span class='ocrx_word' id='word_1_200' title='bbox 1359 2947 1405 2994; x_wconf 88' lang='lat' dir='ltr'>ce-</span> 
     </span>
     <span class='ocr_line' id='line_1_24' title="bbox 183 3036 1405 3118; baseline 0.001 -17"><span class='ocrx_word' id='word_1_201' title='bbox 183 3040 269 3102; x_wconf 88' lang='lat' dir='ltr'>teras</span> <span class='ocrx_word' id='word_1_202' title='bbox 292 3055 371 3118; x_wconf 88' lang='lat' dir='ltr'>quas</span> <span class='ocrx_word' id='word_1_203' title='bbox 393 3037 424 3101; x_wconf 94' lang='lat' dir='ltr'>in</span> <span class='ocrx_word' id='word_1_204' title='bbox 444 3036 562 3103; x_wconf 84' lang='lat' dir='ltr'>Aiacit</span> <span class='ocrx_word' id='word_1_205' title='bbox 578 3038 780 3103; x_wconf 85' lang='lat' dir='ltr'>Aristarchus</span> <span class='ocrx_word' id='word_1_206' title='bbox 802 3037 960 3104; x_wconf 86' lang='lat' dir='ltr'>atheteses</span> <span class='ocrx_word' id='word_1_207' title='bbox 983 3041 1038 3102; x_wconf 91' lang='lat' dir='ltr'>aut</span> <span class='ocrx_word' id='word_1_208' title='bbox 1060 3037 1129 3102; x_wconf 92' lang='lat' dir='ltr'>aliis</span> <span class='ocrx_word' id='word_1_209' title='bbox 1151 3037 1300 3118; x_wconf 88' lang='lat' dir='ltr'>probatas</span> <span class='ocrx_word' id='word_1_210' title='bbox 1316 3038 1405 3102; x_wconf 87' lang='lat' dir='ltr'>video</span> 
     </span>
     <span class='ocr_line' id='line_1_25' title="bbox 185 3146 1404 3230; baseline 0 -20"><span class='ocrx_word' id='word_1_211' title='bbox 185 3151 240 3210; x_wconf 89' lang='lat' dir='ltr'>aut</span> <span class='ocrx_word' id='word_1_212' title='bbox 260 3146 328 3228; x_wconf 90' lang='lat' dir='ltr'>ipse</span> <span class='ocrx_word' id='word_1_213' title='bbox 349 3147 486 3227; x_wconf 90' lang='lat' dir='ltr'>probare</span> <span class='ocrx_word' id='word_1_214' title='bbox 507 3165 651 3227; x_wconf 90' lang='lat' dir='ltr'>possum:</span> <span class='ocrx_word' id='word_1_215' title='bbox 676 3151 971 3230; x_wconf 79' lang='lat' dir='ltr'>96‚110,113sq.,</span> <span class='ocrx_word' id='word_1_216' title='bbox 995 3151 1065 3228; x_wconf 85' lang='lat'>139,</span> <span class='ocrx_word' id='word_1_217' title='bbox 1089 3151 1158 3227; x_wconf 82' lang='grc'><strong>192,</strong></span> <span class='ocrx_word' id='word_1_218' title='bbox 1181 3147 1295 3227; x_wconf 89' lang='lat' dir='ltr'>quibus</span> <span class='ocrx_word' id='word_1_219' title='bbox 1310 3148 1404 3213; x_wconf 90' lang='lat' dir='ltr'>omni·</span> 
     </span>
     <span class='ocr_line' id='line_1_26' title="bbox 185 3255 1404 3341; baseline -0.002 -19"><span class='ocrx_word' id='word_1_220' title='bbox 185 3255 243 3322; x_wconf 91' lang='lat' dir='ltr'>bus</span> <span class='ocrx_word' id='word_1_221' title='bbox 265 3255 334 3321; x_wconf 92' lang='lat' dir='ltr'>tolli</span> <span class='ocrx_word' id='word_1_222' title='bbox 356 3273 436 3337; x_wconf 91' lang='lat' dir='ltr'>quae</span> <span class='ocrx_word' id='word_1_223' title='bbox 456 3262 580 3324; x_wconf 87' lang='lat' dir='ltr'>retenta</span> <span class='ocrx_word' id='word_1_224' title='bbox 592 3258 669 3323; x_wconf 87' lang='lat' dir='ltr'>velis</span> <span class='ocrx_word' id='word_1_225' title='bbox 687 3257 778 3324; x_wconf 86' lang='lat' dir='ltr'>facile</span> <span class='ocrx_word' id='word_1_226' title='bbox 796 3262 902 3341; x_wconf 89' lang='lat' dir='ltr'>potest</span> <span class='ocrx_word' id='word_1_227' title='bbox 920 3257 1136 3324; x_wconf 89' lang='lat' dir='ltr'>demonstrari.</span> <span class='ocrx_word' id='word_1_228' title='bbox 1164 3263 1274 3322; x_wconf 89' lang='lat' dir='ltr'>contra</span> <span class='ocrx_word' id='word_1_229' title='bbox 1292 3257 1332 3322; x_wconf 92' lang='lat' dir='ltr'>de</span> <span class='ocrx_word' id='word_1_230' title='bbox 1344 3262 1404 3321; x_wconf 82' lang='grc'>177</span> 
     </span>
     <span class='ocr_line' id='line_1_27' title="bbox 184 3363 1406 3452; baseline 0 -22"><span class='ocrx_word' id='word_1_231' title='bbox 184 3370 270 3435; x_wconf 83' lang='lat' dir='ltr'>recte</span> <span class='ocrx_word' id='word_1_232' title='bbox 292 3365 457 3431; x_wconf 70' lang='lat' dir='ltr'>monuerat</span> <span class='ocrx_word' id='word_1_233' title='bbox 483 3367 534 3433; x_wconf 83' lang='lat' dir='ltr'>hic</span> <span class='ocrx_word' id='word_1_234' title='bbox 561 3373 594 3433; x_wconf 83' lang='lat' dir='ltr'>ei</span> <span class='ocrx_word' id='word_1_235' title='bbox 620 3369 647 3431; x_wconf 87' lang='lat' dir='ltr'>E</span> <span class='ocrx_word' id='word_1_236' title='bbox 673 3372 750 3433; x_wconf 79' lang='lat'>891:</span> <span class='ocrx_word' id='word_1_237' title='bbox 782 3365 918 3430; x_wconf 71' lang='grc' dir='ltr'><em>ἐνταῦθα</em></span> <span class='ocrx_word' id='word_1_238' title='bbox 945 3366 1001 3429; x_wconf 81' lang='grc' dir='ltr'>οὐκ</span> <span class='ocrx_word' id='word_1_239' title='bbox 1029 3363 1136 3452; x_wconf 79' lang='grc' dir='ltr'><em>όρόιῖις</em></span> <span class='ocrx_word' id='word_1_240' title='bbox 1165 3368 1260 3430; x_wconf 82' lang='grc' dir='ltr'><em>κεῖται</em></span> <span class='ocrx_word' id='word_1_241' title='bbox 1287 3371 1320 3432; x_wconf 81' lang='lat' dir='ltr'>et</span> <span class='ocrx_word' id='word_1_242' title='bbox 1348 3365 1406 3430; x_wconf 91' lang='lat' dir='ltr'>Mi·</span> 
     </span>
     <span class='ocr_line' id='line_1_28' title="bbox 184 3475 1405 3558; baseline 0 -18"><span class='ocrx_word' id='word_1_243' title='bbox 184 3493 300 3540; x_wconf 86' lang='lat' dir='ltr'>nervae</span> <span class='ocrx_word' id='word_1_244' title='bbox 320 3477 436 3557; x_wconf 89' lang='lat' dir='ltr'>missio,</span> <span class='ocrx_word' id='word_1_245' title='bbox 459 3477 487 3541; x_wconf 93' lang='lat' dir='ltr'>si</span> <span class='ocrx_word' id='word_1_246' title='bbox 508 3478 605 3543; x_wconf 87' lang='lat' dir='ltr'>semel</span> <span class='ocrx_word' id='word_1_247' title='bbox 626 3482 750 3543; x_wconf 90' lang='lat' dir='ltr'>tantum</span> <span class='ocrx_word' id='word_1_248' title='bbox 772 3477 1014 3556; x_wconf 86' lang='lat' dir='ltr'>memorabatur,</span> <span class='ocrx_word' id='word_1_249' title='bbox 1036 3475 1147 3543; x_wconf 89' lang='lat' dir='ltr'>melius</span> <span class='ocrx_word' id='word_1_250' title='bbox 1170 3480 1254 3542; x_wconf 88' lang='lat' dir='ltr'>certe</span> <span class='ocrx_word' id='word_1_251' title='bbox 1277 3480 1338 3541; x_wconf 81' lang='lat'>208</span> <span class='ocrx_word' id='word_1_252' title='bbox 1358 3494 1405 3558; x_wconf 89' lang='lat' dir='ltr'>sq.</span> 
     </span>
     <span class='ocr_line' id='line_1_29' title="bbox 185 3584 1405 3674; baseline -0.001 -27"><span class='ocrx_word' id='word_1_253' title='bbox 185 3584 231 3654; x_wconf 76' lang='grc' dir='ltr'>εἷς</span> <span class='ocrx_word' id='word_1_254' title='bbox 258 3587 438 3674; x_wconf 73' lang='grc' dir='ltr'><em>προτροπὴν</em></span> <span class='ocrx_word' id='word_1_255' title='bbox 466 3589 519 3649; x_wconf 82' lang='grc' dir='ltr'>τοῦ</span> <span class='ocrx_word' id='word_1_256' title='bbox 540 3585 702 3674; x_wconf 80' lang='grc' dir='ltr'><em>Ἀχιλλέως</em></span> <span class='ocrx_word' id='word_1_257' title='bbox 731 3606 824 3669; x_wconf 81' lang='lat' dir='ltr'>quam</span> <span class='ocrx_word' id='word_1_258' title='bbox 850 3592 909 3652; x_wconf 83' lang='lat'>195</span> <span class='ocrx_word' id='word_1_259' title='bbox 933 3604 978 3667; x_wconf 87' lang='lat' dir='ltr'>sq.</span> <span class='ocrx_word' id='word_1_260' title='bbox 1003 3585 1038 3648; x_wconf 79' lang='grc' dir='ltr'>ἐκ</span> <span class='ocrx_word' id='word_1_261' title='bbox 1060 3589 1113 3649; x_wconf 85' lang='grc' dir='ltr'>τοῦ</span> <span class='ocrx_word' id='word_1_262' title='bbox 1137 3588 1291 3672; x_wconf 71' lang='grc' dir='ltr'><em>ποιητικοῦ</em></span> <span class='ocrx_word' id='word_1_263' title='bbox 1315 3608 1405 3669; x_wconf 81' lang='grc' dir='ltr'><em>προς-</em></span> 
     </span>
     <span class='ocr_line' id='line_1_30' title="bbox 185 3693 1406 3778; baseline 0.002 -22"><span class='ocrx_word' id='word_1_264' title='bbox 185 3694 273 3757; x_wconf 84' lang='grc' dir='ltr'><em>ώποο</em></span> <span class='ocrx_word' id='word_1_265' title='bbox 295 3697 537 3762; x_wconf 88' lang='lat' dir='ltr'>memorabatur.</span> <span class='ocrx_word' id='word_1_266' title='bbox 570 3697 633 3761; x_wconf 91' lang='lat' dir='ltr'>iam</span> <span class='ocrx_word' id='word_1_267' title='bbox 650 3715 724 3761; x_wconf 87' lang='lat' dir='ltr'>vero</span> <span class='ocrx_word' id='word_1_268' title='bbox 744 3697 777 3760; x_wconf 94' lang='lat' dir='ltr'>in</span> <span class='ocrx_word' id='word_1_269' title='bbox 792 3694 853 3762; x_wconf 86' lang='lat' dir='ltr'>fine</span> <span class='ocrx_word' id='word_1_270' title='bbox 873 3695 1111 3778; x_wconf 86' lang='lat' dir='ltr'>explicationum</span> <span class='ocrx_word' id='word_1_271' title='bbox 1130 3695 1169 3760; x_wconf 90' lang='lat' dir='ltr'>de</span> <span class='ocrx_word' id='word_1_272' title='bbox 1187 3695 1286 3777; x_wconf 90' lang='lat' dir='ltr'>primo</span> <span class='ocrx_word' id='word_1_273' title='bbox 1298 3693 1406 3760; x_wconf 90' lang='lat' dir='ltr'>Iliadis</span> 
     </span>
     <span class='ocr_line' id='line_1_31' title="bbox 185 3803 1407 3887; baseline -0.001 -18"><span class='ocrx_word' id='word_1_274' title='bbox 185 3803 265 3870; x_wconf 91' lang='lat' dir='ltr'>libro</span> <span class='ocrx_word' id='word_1_275' title='bbox 288 3805 373 3870; x_wconf 90' lang='lat' dir='ltr'>etin</span> <span class='ocrx_word' id='word_1_276' title='bbox 396 3805 533 3870; x_wconf 88' lang='lat' dir='ltr'>carmine</span> <span class='ocrx_word' id='word_1_277' title='bbox 555 3805 637 3887; x_wconf 90' lang='lat' dir='ltr'>ipso,</span> <span class='ocrx_word' id='word_1_278' title='bbox 659 3806 744 3886; x_wconf 87' lang='lat' dir='ltr'>quod</span> <span class='ocrx_word' id='word_1_279' title='bbox 764 3825 802 3871; x_wconf 85' lang='lat' dir='ltr'>ex</span> <span class='ocrx_word' id='word_1_280' title='bbox 823 3807 903 3872; x_wconf 91' lang='lat' dir='ltr'>libro</span> <span class='ocrx_word' id='word_1_281' title='bbox 928 3805 1175 3883; x_wconf 87' lang='lat' dir='ltr'>enucleavimus,</span> <span class='ocrx_word' id='word_1_282' title='bbox 1199 3809 1231 3870; x_wconf 90' lang='lat' dir='ltr'>et</span> <span class='ocrx_word' id='word_1_283' title='bbox 1253 3803 1284 3868; x_wconf 94' lang='lat' dir='ltr'>in</span> <span class='ocrx_word' id='word_1_284' title='bbox 1307 3805 1407 3869; x_wconf 88' lang='lat' dir='ltr'>altera</span> 
     </span>
     <span class='ocr_line' id='line_1_32' title="bbox 183 3913 1407 3996; baseline -0.002 -16"><span class='ocrx_word' id='word_1_285' title='bbox 183 3914 419 3980; x_wconf 82' lang='lat' dir='ltr'>continuatione</span> <span class='ocrx_word' id='word_1_286' title='bbox 448 3915 552 3981; x_wconf 88' lang='lat' dir='ltr'>omnia</span> <span class='ocrx_word' id='word_1_287' title='bbox 579 3914 680 3995; x_wconf 90' lang='lat' dir='ltr'>clara,</span> <span class='ocrx_word' id='word_1_288' title='bbox 710 3915 814 3980; x_wconf 89' lang='lat' dir='ltr'>omnia</span> <span class='ocrx_word' id='word_1_289' title='bbox 834 3916 1000 3996; x_wconf 91' lang='lat' dir='ltr'>perspicua</span> <span class='ocrx_word' id='word_1_290' title='bbox 1022 3932 1109 3992; x_wconf 87' lang='lat' dir='ltr'>esse,</span> <span class='ocrx_word' id='word_1_291' title='bbox 1139 3913 1216 3977; x_wconf 93' lang='lat' dir='ltr'>nihil</span> <span class='ocrx_word' id='word_1_292' title='bbox 1238 3919 1346 3980; x_wconf 90' lang='lat' dir='ltr'>contra</span> <span class='ocrx_word' id='word_1_293' title='bbox 1369 3933 1407 3978; x_wconf 88' lang='lat' dir='ltr'>ea</span> 
     </span>
     <span class='ocr_line' id='line_1_33' title="bbox 184 4022 1407 4107; baseline 0 -20"><span class='ocrx_word' id='word_1_294' title='bbox 184 4025 264 4103; x_wconf 86' lang='lat' dir='ltr'>miri,</span> <span class='ocrx_word' id='word_1_295' title='bbox 287 4024 373 4104; x_wconf 93' lang='lat' dir='ltr'>nihil,</span> <span class='ocrx_word' id='word_1_296' title='bbox 395 4026 480 4107; x_wconf 92' lang='lat' dir='ltr'>quod</span> <span class='ocrx_word' id='word_1_297' title='bbox 502 4025 727 4092; x_wconf 89' lang='lat' dir='ltr'>dubitationem</span> <span class='ocrx_word' id='word_1_298' title='bbox 744 4025 875 4104; x_wconf 88' lang='lat' dir='ltr'>adferat,</span> <span class='ocrx_word' id='word_1_299' title='bbox 896 4025 1011 4104; x_wconf 83' lang='lat' dir='ltr'>inesse,</span> <span class='ocrx_word' id='word_1_300' title='bbox 1032 4029 1069 4090; x_wconf 93' lang='lat' dir='ltr'>ut</span> <span class='ocrx_word' id='word_1_301' title='bbox 1083 4023 1156 4088; x_wconf 89' lang='lat' dir='ltr'>inde</span> <span class='ocrx_word' id='word_1_302' title='bbox 1170 4023 1249 4089; x_wconf 89' lang='lat' dir='ltr'>ialse</span> <span class='ocrx_word' id='word_1_303' title='bbox 1264 4022 1407 4106; x_wconf 89' lang='lat' dir='ltr'>maleque</span> 
     </span>
     <span class='ocr_line' id='line_1_34' title="bbox 184 4132 1407 4217; baseline -0.001 -21"><span class='ocrx_word' id='word_1_304' title='bbox 184 4132 317 4198; x_wconf 90' lang='lat' dir='ltr'>Paulum</span> <span class='ocrx_word' id='word_1_305' title='bbox 339 4134 387 4199; x_wconf 87' lang='lat' dir='ltr'>La</span> <span class='ocrx_word' id='word_1_306' title='bbox 407 4135 561 4200; x_wconf 87' lang='lat' dir='ltr'>Rochinm</span> <span class='ocrx_word' id='word_1_307' title='bbox 583 4135 615 4199; x_wconf 92' lang='lat' dir='ltr'>in</span> <span class='ocrx_word' id='word_1_308' title='bbox 637 4134 787 4217; x_wconf 91' lang='lat' dir='ltr'>philologi</span> <span class='ocrx_word' id='word_1_309' title='bbox 809 4133 1024 4215; x_wconf 84' lang='lat' dir='ltr'>Gottingensis</span> <span class='ocrx_word' id='word_1_310' title='bbox 1046 4133 1106 4198; x_wconf 84' lang='lat' dir='ltr'>vol.</span> <span class='ocrx_word' id='word_1_311' title='bbox 1121 4132 1198 4197; x_wconf 89' lang='lat' dir='ltr'>XVI</span> <span class='ocrx_word' id='word_1_312' title='bbox 1219 4151 1289 4215; x_wconf 90' lang='lat' dir='ltr'>pag.</span> <span class='ocrx_word' id='word_1_313' title='bbox 1304 4137 1341 4196; x_wconf 91' lang='grc'>41</span> <span class='ocrx_word' id='word_1_314' title='bbox 1368 4132 1407 4196; x_wconf 90' lang='lat' dir='ltr'>de</span> 
     </span>
     <span class='ocr_line' id='line_1_35' title="bbox 185 4241 1407 4327; baseline 0 -21"><span class='ocrx_word' id='word_1_315' title='bbox 185 4241 328 4308; x_wconf 85' lang='lat' dir='ltr'>Nestoris</span> <span class='ocrx_word' id='word_1_316' title='bbox 351 4243 506 4327; x_wconf 91' lang='lat' dir='ltr'>inprime</span> <span class='ocrx_word' id='word_1_317' title='bbox 529 4244 666 4310; x_wconf 88' lang='lat' dir='ltr'>carmine</span> <span class='ocrx_word' id='word_1_318' title='bbox 688 4243 728 4308; x_wconf 91' lang='lat' dir='ltr'>ad</span> <span class='ocrx_word' id='word_1_319' title='bbox 746 4244 1011 4325; x_wconf 86' lang='lat' dir='ltr'>Agamemnonem</span> <span class='ocrx_word' id='word_1_320' title='bbox 1029 4241 1242 4324; x_wconf 82' lang='lat' dir='ltr'>Achillemque</span> <span class='ocrx_word' id='word_1_321' title='bbox 1265 4241 1407 4307; x_wconf 90' lang='lat' dir='ltr'>oratione</span> 
     </span>
     <span class='ocr_line' id='line_1_36' title="bbox 186 4351 1408 4434; baseline 0 -19"><span class='ocrx_word' id='word_1_322' title='bbox 186 4351 346 4418; x_wconf 91' lang='lat' dir='ltr'>dubitasse</span> <span class='ocrx_word' id='word_1_323' title='bbox 368 4352 529 4434; x_wconf 87' lang='lat' dir='ltr'>adpareat,</span> <span class='ocrx_word' id='word_1_324' title='bbox 552 4359 661 4418; x_wconf 91' lang='lat' dir='ltr'>contra</span> <span class='ocrx_word' id='word_1_325' title='bbox 682 4354 815 4434; x_wconf 89' lang='lat' dir='ltr'>primam</span> <span class='ocrx_word' id='word_1_326' title='bbox 838 4352 1101 4418; x_wconf 91' lang='lat' dir='ltr'>continuationem</span> <span class='ocrx_word' id='word_1_327' title='bbox 1124 4369 1193 4415; x_wconf 92' lang='lat' dir='ltr'>cnm</span> <span class='ocrx_word' id='word_1_328' title='bbox 1215 4351 1353 4431; x_wconf 91' lang='lat' dir='ltr'>Hauptio</span> <span class='ocrx_word' id='word_1_329' title='bbox 1376 4357 1408 4415; x_wconf 91' lang='lat' dir='ltr'>et</span> 
     </span>
    </p>
   </div>
   <div class='ocr_carea' id='block_1_3' title="bbox 184 4460 1407 4544">
    <p class='ocr_par' dir='ltr' id='par_1_3' title="bbox 184 4460 1407 4544">
     <span class='ocr_line' id='line_1_37' title="bbox 184 4460 1407 4544; baseline -0.002 -18"><span class='ocrx_word' id='word_1_330' title='bbox 184 4460 346 4543; x_wconf 85' lang='lat' dir='ltr'>Koechlyo</span> <span class='ocrx_word' id='word_1_331' title='bbox 374 4481 432 4544; x_wconf 89' lang='lat' dir='ltr'>pro</span> <span class='ocrx_word' id='word_1_332' title='bbox 462 4468 593 4528; x_wconf 91' lang='lat' dir='ltr'>centone</span> <span class='ocrx_word' id='word_1_333' title='bbox 621 4462 796 4528; x_wconf 89' lang='lat' dir='ltr'>habendam</span> <span class='ocrx_word' id='word_1_334' title='bbox 824 4463 993 4543; x_wconf 89' lang='lat' dir='ltr'>repetimus</span> <span class='ocrx_word' id='word_1_335' title='bbox 1019 4477 1120 4541; x_wconf 90' lang='lat' dir='ltr'>neque</span> <span class='ocrx_word' id='word_1_336' title='bbox 1141 4478 1309 4541; x_wconf 91' lang='lat' dir='ltr'>possumus</span> <span class='ocrx_word' id='word_1_337' title='bbox 1331 4460 1407 4539; x_wconf 89' lang='lat' dir='ltr'>quin</span> 
     </span>
    </p>
   </div>
   <div class='ocr_carea' id='block_1_4' title="bbox 182 4568 1407 4725">
    <p class='ocr_par' dir='ltr' id='par_1_4' title="bbox 182 4568 1407 4725">
     <span class='ocr_line' id='line_1_38' title="bbox 182 4568 1407 4654; baseline -0.002 -19"><span class='ocrx_word' id='word_1_338' title='bbox 182 4571 299 4637; x_wconf 90' lang='lat' dir='ltr'>ianiam</span> <span class='ocrx_word' id='word_1_339' title='bbox 329 4576 474 4640; x_wconf 88' lang='lat' dir='ltr'>constare</span> <span class='ocrx_word' id='word_1_340' title='bbox 501 4573 590 4638; x_wconf 89' lang='lat' dir='ltr'>nobis</span> <span class='ocrx_word' id='word_1_341' title='bbox 621 4571 777 4654; x_wconf 88' lang='lat' dir='ltr'>dicamus,</span> <span class='ocrx_word' id='word_1_342' title='bbox 805 4571 879 4652; x_wconf 88' lang='lat' dir='ltr'>quid</span> <span class='ocrx_word' id='word_1_343' title='bbox 908 4571 947 4634; x_wconf 89' lang='lat' dir='ltr'>de</span> <span class='ocrx_word' id='word_1_344' title='bbox 976 4570 1077 4651; x_wconf 91' lang='lat' dir='ltr'>primo</span> <span class='ocrx_word' id='word_1_345' title='bbox 1102 4570 1182 4636; x_wconf 88' lang='lat' dir='ltr'>libro</span> <span class='ocrx_word' id='word_1_346' title='bbox 1206 4568 1407 4644; x_wconf 89' lang='lat' dir='ltr'>iudicandum</span> 
     </span>
     <span class='ocr_line' id='line_1_39' title="bbox 1187 4671 1204 4725; baseline 0 0"><span class='ocrx_word' id='word_1_347' title='bbox 1187 4671 1204 4725; x_wconf 79' lang='lat'><strong>3</strong></span> 
     </span>
    </p>
   </div>
   <div class='ocr_carea' id='block_1_5' title="bbox 0 0 1736 5370">
    <p class='ocr_par' dir='ltr' id='par_1_5' title="bbox 0 0 1736 5370">
     <span class='ocr_line' id='line_1_40' title="bbox 0 0 1736 5370; baseline 0 0"><span class='ocrx_word' id='word_1_348' title='bbox 0 0 1736 5370; x_wconf 95' lang='lat' dir='ltr'> </span> 
     </span>
    </p>
   </div>
  </div>
 </body>
</html>
