3460 5370
719 418 930 478 -47-

211 604 339 669 comites
362 603 461 668 altero
482 606 555 683 post
576 601 675 665 rixam
698 598 749 664 die
771 597 905 662 rediisse
924 597 1001 662 satis
1016 599 1124 678 pateat
1139 615 1176 660 ex
1193 595 1269 677 ipsis
1286 612 1433 660 versuum

213 719 275 779 475
291 733 359 796 sqq.
375 713 489 778 verbis
525 711 637 776 deinde
659 710 758 775 multa
781 709 842 774 alia
864 706 981 772 scholia
1002 708 1075 772 huic
1090 711 1127 770 ut
1141 724 1234 770 ovum
1248 723 1306 771 ovo
1322 703 1435 768 similia

146 891 149 896 ,
213 829 323 904 aperte
347 823 459 888 docent
476 820 693 887 Aristarchum
718 819 848 884 nonita
874 818 1013 882 locutum
1036 834 1105 882 csse
1126 815 1186 881 nisi
1209 817 1341 882 aliorum
1362 821 1435 880 aute

212 935 441 1016 philologorum
470 931 567 996 malas
601 931 760 1010 opiniones
792 926 994 994 refellentem.
1031 926 1166 1009 denique
1197 927 1229 991 in
1263 946 1317 1005 eo,
1350 925 1434 1007 quod

212 1041 474 1108 Friedlaenderus
497 1041 624 1124 aliquid,
651 1039 735 1119 quod
756 1039 856 1121 primo
879 1040 1030 1120 adspectu
1052 1037 1105 1103 alii
1125 1037 1266 1104 homines
1288 1042 1320 1102 et
1342 1037 1436 1102 iuter·

212 1153 356 1218 lenierunt
378 1157 409 1217 et
431 1151 629 1233 interlegunt,
653 1169 687 1216 sc
709 1169 771 1215 non
793 1149 980 1230 interlegere
999 1148 1084 1228 dicit,
1106 1153 1215 1214 nostra
1228 1147 1354 1228 quidem
1368 1165 1435 1212 sen-

213 1264 313 1328 tentia
342 1262 461 1327 nullum
488 1266 538 1326 est
567 1267 802 1343 argumentum,
834 1278 895 1341 quo
918 1260 1092 1340 permoveri
1112 1260 1285 1341 possimus
1307 1263 1344 1323 ut
1365 1275 1435 1324 cum

213 1373 412 1438 Lachmanno
431 1381 463 1438 et
477 1373 616 1454 Hauptio
635 1372 866 1452 dissentiamus
890 1370 1076 1451 pracsertim
1095 1389 1166 1436 curn
1177 1369 1436 1434 Friedlaenderus

214 1482 291 1548 nihil
313 1483 409 1548 addat
430 1483 513 1547 unde
534 1485 659 1563 pateat,
687 1501 743 1546 cur
765 1482 827 1546 alia
848 1486 976 1547 censeat
997 1501 1034 1546 eo
1057 1480 1175 1545 scholio
1198 1497 1346 1559 expressa
1367 1497 1437 1544 esse

215 1614 251 1660 ac
263 1593 482 1659 Lachmannus
498 1611 535 1656 ex
547 1591 720 1656 Aristarchi
732 1592 834 1657 verbis
850 1593 1074 1672 interpretatus
1090 1597 1147 1657 est.
1172 1591 1228 1656 sed
1240 1590 1320 1656 solet
1330 1589 1437 1659 Fried-

214 1704 379 1768 laenderus
402 1703 435 1767 in
457 1703 512 1782 eis,
534 1719 617 1781 quae
639 1702 747 1768 scribit
769 1706 801 1766 et
823 1702 923 1780 docet,
947 1706 1133 1783 argumenta
1154 1701 1299 1766 omittere
1320 1699 1437 1780 opinio-

215 1832 300 1890 num,
322 1831 391 1878 cum
413 1830 476 1876 non
497 1813 613 1877 hahere
636 1811 736 1876 soleat
757 1829 838 1891 quae
859 1830 916 1892 pro
939 1812 983 1877 eis
1006 1813 1072 1877 suis
1093 1811 1290 1892 opinionibus
1306 1808 1437 1874 adferat.

217 1922 305 1987 cuius
324 1926 449 1987 nostrae
472 1921 646 1986 sententiae
662 1921 748 1986 aliud
765 1921 984 1986 documentum
998 1920 1129 2000 praehet
1144 1920 1253 1986 eadem
1268 1920 1307 1985 de
1322 1920 1437 1985 scholio

215 2030 256 2095 ad
273 2032 301 2094 A
317 2037 379 2095 477
402 2031 572 2109 adnotatio,
596 2033 627 2094 in
651 2049 713 2113 qua
733 2029 850 2111 pergit:
873 2031 957 2112 quod
978 2035 1144 2109 praeterea
1166 2030 1299 2111 sumpsit
1319 2029 1437 2094 scholia

211 2141 255 2204 ad
271 2142 299 2205 A
316 2145 378 2205 490
396 2142 576 2206 Aristarcho
607 2140 656 2206 vel
675 2141 883 2206 Aristarcheis
914 2158 983 2206 esse
1010 2141 1218 2207 adhibuenda
1245 2160 1307 2206 non
1339 2141 1438 2220 magis

213 2254 318 2329 potest
348 2251 489 2329 concedi,
518 2269 620 2332 neque
649 2257 753 2316 tamen
775 2249 865 2316 addit
886 2269 958 2331 cur,
987 2267 1067 2330 quac
1089 2249 1288 2315 Lachmanno
1311 2249 1438 2314 concedi

214 2376 307 2440 posse
335 2363 445 2438 negat,
476 2377 512 2422 ea
538 2378 598 2423 non
627 2361 749 2440 possint
775 2360 912 2427 concedi.
953 2378 1046 2441 porro
1076 2360 1160 2440 quod
1183 2359 1258 2424 dicit
1279 2360 1311 2423 in
1334 2378 1371 2424 ea
1392 2379 1436 2438 re,

215 2468 300 2548 quod
315 2467 425 2533 Achivi
445 2467 544 2530 Actu
566 2468 739 2546 Apollinem
769 2468 951 2555 πανημέριοι
980 2470 1146 2535 laudarent
1175 2474 1336 2548 canentes,
1366 2487 1438 2535 curn

218 2583 323 2643 tamen
346 2596 383 2642 eo
405 2577 473 2658 ipso
496 2576 545 2641 die
566 2578 629 2642 iam
658 2579 758 2644 multa
778 2580 1038 2660 praecessissent,
1066 2579 1143 2644 nihil
1165 2580 1224 2647 sibi
1246 2581 1347 2644 visum
1369 2597 1438 2645 esse

216 2686 412 2753 disficultatis
434 2687 527 2769 idque
550 2688 622 2753 inde
645 2688 786 2754 evincere
808 2691 881 2770 volt,
903 2690 988 2770 quod
1009 2708 1068 2754 vox
1090 2689 1151 2768 illa,
1175 2707 1257 2770 quae
1280 2694 1330 2754 est
1344 2710 1437 2775 πανη-

212 2796 339 2882 μέριος,
365 2797 473 2862 multis
496 2797 565 2861 aliis
587 2797 663 2863 locis
687 2798 874 2863 adhibeatur
896 2799 958 2863 diei
981 2799 1086 2882 aliqua
1106 2785 1197 2881 parte
1217 2800 1280 2863 iam
1301 2802 1438 2880 peracta,

214 2907 293 2974 false
315 2908 441 2987 iudicat,
464 2926 534 2973 cum
557 2927 659 2990 neque
682 2911 878 2988 reputaverit
901 2914 1003 2975 totum
1027 2909 1108 2974 diem
1123 2928 1180 2990 pro
1196 2910 1257 2976 diei
1271 2915 1362 2990 parte
1377 2925 1439 2972 non

214 3019 288 3101 poni
309 3037 402 3099 posse
424 3019 484 3084 uisi
507 3037 545 3084 eo
567 3017 757 3096 condicione,
782 3023 818 3083 ut
840 3038 878 3083 ex
900 3019 951 3084 dic
965 3019 1065 3085 maior
1080 3038 1154 3101 pars
1169 3019 1314 3101 supersit,
1338 3036 1439 3101 neque

215 3127 409 3193 interlexcrit
429 3147 536 3193 omnes
559 3145 638 3208 quos
660 3128 788 3210 conligit
810 3128 894 3193 locos
917 3147 986 3194 eam
1008 3148 1084 3211 prae
1107 3148 1141 3195 se
1163 3128 1246 3194 ferre
1271 3129 1438 3194 notionem.

215 3255 290 3320 ergo
312 3238 407 3303 etiam
427 3236 486 3302 hae
508 3238 539 3302 in
562 3257 597 3302 re
619 3238 832 3319 improbandus
856 3243 912 3317 est,
937 3243 1046 3304 contra
1068 3239 1245 3305 laudandus
1267 3239 1440 3304 Lachman-

215 3366 291 3428 nuS,
326 3349 380 3430 qui
405 3366 475 3430 pag.
499 3353 558 3413 193
586 3349 632 3413 ita
660 3349 748 3414 dicit:
783 3350 863 3415 auch
891 3350 942 3415 die
971 3349 1200 3431 schwierigkeit
1227 3350 1359 3415 herdhrt
1388 3349 1439 3413 die

215 3456 291 3523 talel
312 3457 408 3535 nicht,
432 3456 506 3522 dasu
529 3462 591 3522 472
614 3457 665 3522 die
682 3456 805 3524 Achaer
827 3458 859 3523 in
882 3457 1001 3540 Chryse
1024 3458 1207 3545 πανημέριοι
1229 3459 1290 3524 den
1307 3458 1440 3539 Apollon

215 3567 376 3647 besingen.
412 3566 467 3632 das
492 3568 628 3632 scholion
647 3564 850 3632 erhlhrt‘den
871 3573 938 3633 rest
960 3569 1015 3634 des
1030 3565 1136 3649 tages',
1159 3586 1200 3632 an
1214 3569 1284 3632 dem
1299 3565 1442 3649 geschifft

215 3677 280 3742 und
296 3677 366 3742 'das
388 3675 533 3743 festmahl
555 3678 701 3759 gehalten
722 3679 822 3758 ward,
852 3697 886 3742 es
910 3679 1115 3761 verschweigt
1135 3679 1228 3757 aher,
1256 3680 1332 3744 dasu
1361 3677 1441 3742 auch

195 3773 267 3852 ¹die
295 3787 526 3868 versammlung
554 3788 611 3853 mit
638 3788 720 3854 allen
746 3789 843 3854 reden
869 3788 903 3852 in
932 3788 1041 3854 diesen
1071 3793 1125 3869 tag
1151 3786 1202 3853 fiel
1228 3788 1293 3854 und
1315 3787 1366 3852 die
1387 3788 1441 3852 ab·

216 3897 358 3978 sendung
381 3897 435 3962 des
457 3897 590 3976 schiffes,
612 3899 663 3964 bei
677 3897 809 3964 welcher
829 3897 966 3980 awanuig
988 3898 1120 3963 ruderer
1141 3897 1276 3979 geuthlt
1292 3897 1356 3962 und
1372 3897 1441 3962 eine

215 4009 403 4076 hekatombe
426 4008 558 4090 geladen
577 4008 671 4087 ward,
695 4026 788 4089 quam
803 4008 1037 4074 adnotationem
1052 4007 1209 4090 Hauptius
1224 4008 1353 4090 respicit
1369 4026 1439 4073 cum

215 4120 261 4184 ita
276 4120 429 4199 loquitur:
453 4138 494 4184 nu
509 4120 580 4183 dem
595 4139 652 4184 aus
669 4119 850 4206 πανημέριοι
865 4138 1088 4200 gewonuenem
1102 4121 1225 4202 grunde
1239 4119 1294 4184 fiir
1308 4119 1358 4191 die
1373 4137 1441 4182 ver-

215 4228 429 4295 schiedenheit
458 4229 514 4294 des
536 4228 709 4294 verlaszcrs
741 4229 795 4294 des
827 4233 932 4295 ersten
953 4229 1051 4314 liedes
1074 4229 1138 4294 und
1161 4229 1217 4294 der
1239 4232 1343 4294 ersten
1365 4228 1441 4294 lort-

216 4343 348 4420 setzung
375 4337 447 4419 filgt
474 4339 540 4404 sich
568 4339 647 4404 noch
675 4339 744 4403 eine
771 4339 886 4404 andere
915 4338 1133 4418 hetrachtung.
1179 4342 1262 4417 tum,
1295 4343 1331 4404 ut
1358 4357 1440 4421 quac

216 4467 312 4530 supra
339 4448 500 4513 omisimus
528 4467 611 4514 nunc
638 4447 831 4528 adieramus,
855 4450 939 4529 quod
961 4447 1037 4512 dicit
1058 4447 1336 4514 Friedlaenderus:
1365 4448 1440 4516 dosa

219 4559 310 4641 Apoll
333 4559 482 4624 wahrend
505 4559 560 4624 des
580 4558 771 4624 autenthalts
793 4559 850 4624 der
869 4562 973 4640 gotter
987 4557 1038 4622 hei
1053 4556 1113 4623 den
1125 4556 1299 4637 Aethiopem
1313 4575 1353 4622 an
1370 4557 1441 4622 dem
