<?xml version="1.0" encoding="UTF-8"?>
<!DOCTYPE html PUBLIC "-//W3C//DTD XHTML 1.0 Transitional//EN"
    "http://www.w3.org/TR/xhtml1/DTD/xhtml1-transitional.dtd">
<html xmlns="http://www.w3.org/1999/xhtml" xml:lang="en" lang="en">
 <head>
  <title>
</title>
<meta http-equiv="Content-Type" content="text/html;charset=utf-8" />
  <meta name='ocr-system' content='tesseract 3.04.00' />
  <meta name='ocr-capabilities' content='ocr_page ocr_carea ocr_par ocr_line ocrx_word'/>
</head>
<body>
  <div class='ocr_page' id='page_1' title='image "./deiliadislibrop00benigoog_0011.png"; bbox 0 0 3460 5370; ppageno 0'>
   <div class='ocr_carea' id='block_1_1' title="bbox 853 447 1044 506">
    <p class='ocr_par' dir='ltr' id='par_1_1' title="bbox 853 447 1044 506">
     <span class='ocr_line' id='line_1_1' title="bbox 853 447 1044 506; baseline 0 -17"><span class='ocrx_word' id='word_1_1' title='bbox 853 447 1044 506; x_wconf 79' lang='grc'>..4.-</span> 
     </span>
    </p>
   </div>
   <div class='ocr_carea' id='block_1_2' title="bbox 331 627 1563 1820">
    <p class='ocr_par' dir='ltr' id='par_1_2' title="bbox 331 627 1563 1820">
     <span class='ocr_line' id='line_1_2' title="bbox 335 627 1563 713; baseline 0 -17"><span class='ocrx_word' id='word_1_2' title='bbox 335 647 415 713; x_wconf 88' lang='lat' dir='ltr'><strong>opus</strong></span> <span class='ocrx_word' id='word_1_3' title='bbox 431 627 629 711; x_wconf 87' lang='lat' dir='ltr'><strong>perficiemus</strong></span> <span class='ocrx_word' id='word_1_4' title='bbox 645 629 724 696; x_wconf 89' lang='lat' dir='ltr'><strong>duce</strong></span> <span class='ocrx_word' id='word_1_5' title='bbox 735 627 937 695; x_wconf 89' lang='lat' dir='ltr'><strong>Lachmanno</strong></span> <span class='ocrx_word' id='word_1_6' title='bbox 956 628 1059 694; x_wconf 90' lang='lat' dir='ltr'><strong>denuo</strong></span> <span class='ocrx_word' id='word_1_7' title='bbox 1082 628 1219 695; x_wconf 86' lang='lat' dir='ltr'><strong>carmina</strong></span> <span class='ocrx_word' id='word_1_8' title='bbox 1229 631 1458 713; x_wconf 72' lang='lat' dir='ltr'><strong>pertractantes</strong></span> <span class='ocrx_word' id='word_1_9' title='bbox 1468 648 1563 696; x_wconf 84' lang='lat' dir='ltr'><strong>nora·</strong></span> 
     </span>
     <span class='ocr_line' id='line_1_3' title="bbox 333 739 1562 824; baseline 0.001 -19"><span class='ocrx_word' id='word_1_10' title='bbox 333 759 395 822; x_wconf 93' lang='lat' dir='ltr'><strong>que</strong></span> <span class='ocrx_word' id='word_1_11' title='bbox 417 743 603 822; x_wconf 80' lang='lat' dir='ltr'><strong>argumenta</strong></span> <span class='ocrx_word' id='word_1_12' title='bbox 624 740 796 807; x_wconf 82' lang='lat' dir='ltr'><strong>adicientes</strong></span> <span class='ocrx_word' id='word_1_13' title='bbox 818 740 859 807; x_wconf 90' lang='lat' dir='ltr'><strong>ad</strong></span> <span class='ocrx_word' id='word_1_14' title='bbox 881 739 1146 824; x_wconf 84' lang='lat' dir='ltr'><strong>Lachmanniana,</strong></span> <span class='ocrx_word' id='word_1_15' title='bbox 1169 757 1261 822; x_wconf 88' lang='lat' dir='ltr'><strong>quae,</strong></span> <span class='ocrx_word' id='word_1_16' title='bbox 1283 757 1462 824; x_wconf 86' lang='lat' dir='ltr'><strong>quanquam</strong></span> <span class='ocrx_word' id='word_1_17' title='bbox 1483 740 1562 806; x_wconf 91' lang='lat' dir='ltr'><strong>satis</strong></span> 
     </span>
     <span class='ocr_line' id='line_1_4' title="bbox 332 849 1563 935; baseline 0.001 -18"><span class='ocrx_word' id='word_1_18' title='bbox 332 857 479 933; x_wconf 81' lang='lat' dir='ltr'><strong>poterant</strong></span> <span class='ocrx_word' id='word_1_19' title='bbox 508 857 629 917; x_wconf 88' lang='lat' dir='ltr'><strong>rectam</strong></span> <span class='ocrx_word' id='word_1_20' title='bbox 658 851 765 918; x_wconf 84' lang='lat' dir='ltr'><strong>Iliadis</strong></span> <span class='ocrx_word' id='word_1_21' title='bbox 795 849 947 935; x_wconf 83' lang='lat' dir='ltr'><strong>originem</strong></span> <span class='ocrx_word' id='word_1_22' title='bbox 976 849 1210 934; x_wconf 89' lang='lat' dir='ltr'><strong>demonstrare,</strong></span> <span class='ocrx_word' id='word_1_23' title='bbox 1241 869 1303 917; x_wconf 94' lang='lat' dir='ltr'><strong>non</strong></span> <span class='ocrx_word' id='word_1_24' title='bbox 1333 851 1466 933; x_wconf 88' lang='lat' dir='ltr'><strong>adcepta</strong></span> <span class='ocrx_word' id='word_1_25' title='bbox 1492 868 1563 918; x_wconf 89' lang='lat' dir='ltr'><strong>esse</strong></span> 
     </span>
     <span class='ocr_line' id='line_1_5' title="bbox 331 961 1563 1046; baseline -0.002 -19"><span class='ocrx_word' id='word_1_26' title='bbox 331 961 490 1043; x_wconf 83' lang='lat' dir='ltr'><strong>videntur,</strong></span> <span class='ocrx_word' id='word_1_27' title='bbox 524 963 608 1045; x_wconf 93' lang='lat' dir='ltr'><strong>quod</strong></span> <span class='ocrx_word' id='word_1_28' title='bbox 635 980 738 1046; x_wconf 88' lang='lat' dir='ltr'><strong>pauca</strong></span> <span class='ocrx_word' id='word_1_29' title='bbox 760 966 852 1029; x_wconf 86' lang='lat' dir='ltr'><strong>erant</strong></span> <span class='ocrx_word' id='word_1_30' title='bbox 874 982 912 1029; x_wconf 85' lang='lat' dir='ltr'><strong>ex</strong></span> <span class='ocrx_word' id='word_1_31' title='bbox 933 961 1042 1028; x_wconf 89' lang='lat' dir='ltr'><strong>multis</strong></span> <span class='ocrx_word' id='word_1_32' title='bbox 1069 979 1152 1043; x_wconf 89' lang='lat' dir='ltr'><strong>quae</strong></span> <span class='ocrx_word' id='word_1_33' title='bbox 1173 962 1289 1029; x_wconf 90' lang='lat' dir='ltr'><strong>adsunt</strong></span> <span class='ocrx_word' id='word_1_34' title='bbox 1310 962 1432 1045; x_wconf 86' lang='lat' dir='ltr'><strong>ipsique</strong></span> <span class='ocrx_word' id='word_1_35' title='bbox 1453 961 1563 1028; x_wconf 83' lang='lat' dir='ltr'><strong>adver-</strong></span> 
     </span>
     <span class='ocr_line' id='line_1_6' title="bbox 332 1071 1561 1156; baseline 0 -20"><span class='ocrx_word' id='word_1_36' title='bbox 332 1072 407 1138; x_wconf 91' lang='lat' dir='ltr'><strong>sarii</strong></span> <span class='ocrx_word' id='word_1_37' title='bbox 439 1090 501 1139; x_wconf 94' lang='lat' dir='ltr'><strong>non</strong></span> <span class='ocrx_word' id='word_1_38' title='bbox 532 1077 697 1156; x_wconf 84' lang='lat' dir='ltr'><strong>tantopere</strong></span> <span class='ocrx_word' id='word_1_39' title='bbox 723 1078 813 1140; x_wconf 89' lang='lat' dir='ltr'><strong>erant</strong></span> <span class='ocrx_word' id='word_1_40' title='bbox 842 1071 962 1153; x_wconf 88' lang='lat' dir='ltr'><strong>callidi,</strong></span> <span class='ocrx_word' id='word_1_41' title='bbox 997 1077 1034 1138; x_wconf 88' lang='lat' dir='ltr'><strong>ut</strong></span> <span class='ocrx_word' id='word_1_42' title='bbox 1061 1091 1144 1154; x_wconf 91' lang='lat' dir='ltr'><strong>quae</strong></span> <span class='ocrx_word' id='word_1_43' title='bbox 1171 1072 1391 1140; x_wconf 91' lang='lat' dir='ltr'><strong>Lachmannus</strong></span> <span class='ocrx_word' id='word_1_44' title='bbox 1419 1072 1561 1140; x_wconf 90' lang='lat' dir='ltr'><strong>consulto</strong></span> 
     </span>
     <span class='ocr_line' id='line_1_7' title="bbox 332 1183 1562 1269; baseline -0.001 -18"><span class='ocrx_word' id='word_1_45' title='bbox 332 1185 481 1252; x_wconf 88' lang='lat' dir='ltr'><strong>omiserat</strong></span> <span class='ocrx_word' id='word_1_46' title='bbox 509 1204 548 1251; x_wconf 90' lang='lat' dir='ltr'><strong>ea</strong></span> <span class='ocrx_word' id='word_1_47' title='bbox 577 1190 762 1269; x_wconf 81' lang='lat' dir='ltr'><strong>argumenta</strong></span> <span class='ocrx_word' id='word_1_48' title='bbox 787 1185 956 1252; x_wconf 82' lang='lat' dir='ltr'><strong>adicerent.</strong></span> <span class='ocrx_word' id='word_1_49' title='bbox 999 1190 1129 1252; x_wconf 89' lang='lat' dir='ltr'><strong>tuentur</strong></span> <span class='ocrx_word' id='word_1_50' title='bbox 1157 1190 1263 1252; x_wconf 88' lang='lat' dir='ltr'><strong>autem</strong></span> <span class='ocrx_word' id='word_1_51' title='bbox 1290 1183 1335 1251; x_wconf 91' lang='lat' dir='ltr'><strong>illi</strong></span> <span class='ocrx_word' id='word_1_52' title='bbox 1356 1184 1487 1250; x_wconf 88' lang='lat' dir='ltr'><strong>unitatis</strong></span> <span class='ocrx_word' id='word_1_53' title='bbox 1508 1201 1562 1266; x_wconf 89' lang='lat' dir='ltr'><strong>pa-</strong></span> 
     </span>
     <span class='ocr_line' id='line_1_8' title="bbox 333 1295 1562 1379; baseline -0.002 -19"><span class='ocrx_word' id='word_1_54' title='bbox 333 1301 434 1362; x_wconf 87' lang='lat' dir='ltr'><strong>stores</strong></span> <span class='ocrx_word' id='word_1_55' title='bbox 464 1296 548 1362; x_wconf 94' lang='lat' dir='ltr'><strong>omni</strong></span> <span class='ocrx_word' id='word_1_56' title='bbox 579 1297 689 1363; x_wconf 90' lang='lat' dir='ltr'><strong>critica</strong></span> <span class='ocrx_word' id='word_1_57' title='bbox 717 1295 867 1364; x_wconf 87' lang='lat' dir='ltr'><strong>facultate</strong></span> <span class='ocrx_word' id='word_1_58' title='bbox 894 1301 926 1363; x_wconf 88' lang='lat' dir='ltr'><strong>et</strong></span> <span class='ocrx_word' id='word_1_59' title='bbox 955 1295 1079 1379; x_wconf 83' lang='lat' dir='ltr'><strong>ingenio</strong></span> <span class='ocrx_word' id='word_1_60' title='bbox 1107 1295 1250 1362; x_wconf 89' lang='lat' dir='ltr'><strong>destituti</strong></span> <span class='ocrx_word' id='word_1_61' title='bbox 1278 1296 1453 1377; x_wconf 88' lang='lat' dir='ltr'><strong>opiniones,</strong></span> <span class='ocrx_word' id='word_1_62' title='bbox 1482 1312 1562 1375; x_wconf 90' lang='lat' dir='ltr'><strong>quas</strong></span> 
     </span>
     <span class='ocr_line' id='line_1_9' title="bbox 333 1403 1562 1492; baseline -0.002 -21"><span class='ocrx_word' id='word_1_63' title='bbox 333 1407 453 1489; x_wconf 90' lang='lat' dir='ltr'><strong>priores</strong></span> <span class='ocrx_word' id='word_1_64' title='bbox 471 1408 638 1492; x_wconf 85' lang='lat' dir='ltr'><strong>philologi,</strong></span> <span class='ocrx_word' id='word_1_65' title='bbox 656 1409 770 1490; x_wconf 92' lang='lat' dir='ltr'><strong>quibus</strong></span> <span class='ocrx_word' id='word_1_66' title='bbox 793 1410 902 1476; x_wconf 84' lang='lat' dir='ltr'><strong>deerat</strong></span> <span class='ocrx_word' id='word_1_67' title='bbox 924 1413 957 1474; x_wconf 92' lang='lat' dir='ltr'><strong>et</strong></span> <span class='ocrx_word' id='word_1_68' title='bbox 977 1409 1029 1474; x_wconf 86' lang='lat' dir='ltr'><strong>via</strong></span> <span class='ocrx_word' id='word_1_69' title='bbox 1050 1413 1137 1476; x_wconf 87' lang='lat' dir='ltr'><strong>reeta</strong></span> <span class='ocrx_word' id='word_1_70' title='bbox 1152 1412 1185 1474; x_wconf 92' lang='lat' dir='ltr'><strong>et</strong></span> <span class='ocrx_word' id='word_1_71' title='bbox 1202 1407 1308 1491; x_wconf 88' lang='lat' dir='ltr'><strong>epicae</strong></span> <span class='ocrx_word' id='word_1_72' title='bbox 1325 1412 1456 1490; x_wconf 80' lang='lat' dir='ltr'><strong>poeseos</strong></span> <span class='ocrx_word' id='word_1_73' title='bbox 1477 1403 1562 1486; x_wconf 89' lang='lat' dir='ltr'><strong>apud</strong></span> 
     </span>
     <span class='ocr_line' id='line_1_10' title="bbox 334 1515 1562 1602; baseline -0.003 -20"><span class='ocrx_word' id='word_1_74' title='bbox 334 1517 413 1584; x_wconf 89' lang='lat' dir='ltr'><strong>alios</strong></span> <span class='ocrx_word' id='word_1_75' title='bbox 438 1519 570 1601; x_wconf 89' lang='lat' dir='ltr'><strong>populos</strong></span> <span class='ocrx_word' id='word_1_76' title='bbox 592 1519 738 1602; x_wconf 83' lang='lat' dir='ltr'><strong>analogia</strong></span> <span class='ocrx_word' id='word_1_77' title='bbox 759 1524 791 1587; x_wconf 89' lang='lat' dir='ltr'><strong>et</strong></span> <span class='ocrx_word' id='word_1_78' title='bbox 812 1519 1000 1586; x_wconf 88' lang='lat' dir='ltr'><strong>scholiorum</strong></span> <span class='ocrx_word' id='word_1_79' title='bbox 1023 1518 1175 1602; x_wconf 83' lang='lat' dir='ltr'><strong>cognitio,</strong></span> <span class='ocrx_word' id='word_1_80' title='bbox 1205 1519 1245 1585; x_wconf 92' lang='lat' dir='ltr'><strong>ab</strong></span> <span class='ocrx_word' id='word_1_81' title='bbox 1269 1517 1407 1600; x_wconf 89' lang='lat' dir='ltr'><strong>antiquis</strong></span> <span class='ocrx_word' id='word_1_82' title='bbox 1430 1515 1562 1599; x_wconf 88' lang='lat' dir='ltr'><strong>adcepe-</strong></span> 
     </span>
     <span class='ocr_line' id='line_1_11' title="bbox 334 1627 1562 1714; baseline 0.001 -22"><span class='ocrx_word' id='word_1_83' title='bbox 334 1633 425 1708; x_wconf 89' lang='lat' dir='ltr'><strong>rant,</strong></span> <span class='ocrx_word' id='word_1_84' title='bbox 453 1649 555 1712; x_wconf 89' lang='lat' dir='ltr'><strong>neque</strong></span> <span class='ocrx_word' id='word_1_85' title='bbox 582 1649 762 1714; x_wconf 88' lang='lat' dir='ltr'><strong>quanquam</strong></span> <span class='ocrx_word' id='word_1_86' title='bbox 791 1649 810 1698; x_wconf 99' lang='lat' dir='ltr'><strong>a</strong></span> <span class='ocrx_word' id='word_1_87' title='bbox 832 1631 1032 1698; x_wconf 86' lang='lat' dir='ltr'><strong>Lachmanno</strong></span> <span class='ocrx_word' id='word_1_88' title='bbox 1061 1629 1156 1712; x_wconf 85' lang='lat' dir='ltr'><strong>digno</strong></span> <span class='ocrx_word' id='word_1_89' title='bbox 1185 1646 1248 1710; x_wconf 94' lang='lat' dir='ltr'><strong>quo</strong></span> <span class='ocrx_word' id='word_1_90' title='bbox 1274 1628 1402 1709; x_wconf 86' lang='lat' dir='ltr'><strong>auspice</strong></span> <span class='ocrx_word' id='word_1_91' title='bbox 1428 1631 1461 1694; x_wconf 92' lang='lat' dir='ltr'><strong>et</strong></span> <span class='ocrx_word' id='word_1_92' title='bbox 1483 1627 1562 1694; x_wconf 93' lang='lat' dir='ltr'><strong>duce</strong></span> 
     </span>
     <span class='ocr_line' id='line_1_12' title="bbox 335 1738 1561 1820; baseline -0.002 -15"><span class='ocrx_word' id='word_1_93' title='bbox 335 1757 442 1805; x_wconf 89' lang='lat' dir='ltr'><strong>omnes</strong></span> <span class='ocrx_word' id='word_1_94' title='bbox 475 1745 640 1806; x_wconf 88' lang='lat' dir='ltr'><strong>uterentur</strong></span> <span class='ocrx_word' id='word_1_95' title='bbox 672 1742 782 1808; x_wconf 90' lang='lat' dir='ltr'><strong>moniti</strong></span> <span class='ocrx_word' id='word_1_96' title='bbox 811 1742 852 1808; x_wconf 86' lang='lat' dir='ltr'><strong>ad</strong></span> <span class='ocrx_word' id='word_1_97' title='bbox 881 1742 958 1808; x_wconf 87' lang='lat' dir='ltr'><strong>cllas</strong></span> <span class='ocrx_word' id='word_1_98' title='bbox 986 1741 1136 1806; x_wconf 88' lang='lat' dir='ltr'><strong>rectiores</strong></span> <span class='ocrx_word' id='word_1_99' title='bbox 1165 1739 1339 1806; x_wconf 85' lang='lat' dir='ltr'><strong>sententias</strong></span> <span class='ocrx_word' id='word_1_100' title='bbox 1366 1738 1479 1806; x_wconf 91' lang='lat' dir='ltr'><strong>abduci</strong></span> <span class='ocrx_word' id='word_1_101' title='bbox 1507 1756 1561 1820; x_wconf 86' lang='lat' dir='ltr'><strong>pa·</strong></span> 
     </span>
    </p>
   </div>
   <div class='ocr_carea' id='block_1_3' title="bbox 242 1849 1562 2378">
    <p class='ocr_par' dir='ltr' id='par_1_3' title="bbox 242 1849 1562 2378">
     <span class='ocr_line' id='line_1_13' title="bbox 334 1849 1561 1934; baseline -0.002 -19"><span class='ocrx_word' id='word_1_102' title='bbox 334 1850 465 1918; x_wconf 85' lang='lat' dir='ltr'><strong>liuntur.</strong></span> <span class='ocrx_word' id='word_1_103' title='bbox 503 1851 580 1919; x_wconf 90' lang='lat' dir='ltr'><strong>hacc</strong></span> <span class='ocrx_word' id='word_1_104' title='bbox 608 1857 694 1920; x_wconf 92' lang='lat' dir='ltr'><strong>recte</strong></span> <span class='ocrx_word' id='word_1_105' title='bbox 721 1853 868 1920; x_wconf 83' lang='lat' dir='ltr'><strong>videntur</strong></span> <span class='ocrx_word' id='word_1_106' title='bbox 894 1853 1068 1934; x_wconf 86' lang='lat' dir='ltr'><strong>praemIssa</strong></span> <span class='ocrx_word' id='word_1_107' title='bbox 1091 1852 1130 1916; x_wconf 92' lang='lat' dir='ltr'><strong>de</strong></span> <span class='ocrx_word' id='word_1_108' title='bbox 1152 1849 1214 1916; x_wconf 90' lang='lat' dir='ltr'><strong>illis</strong></span> <span class='ocrx_word' id='word_1_109' title='bbox 1237 1849 1399 1932; x_wconf 85' lang='lat' dir='ltr'><strong>unitariis,</strong></span> <span class='ocrx_word' id='word_1_110' title='bbox 1428 1865 1561 1928; x_wconf 91' lang='lat' dir='ltr'><strong>quorum</strong></span> 
     </span>
     <span class='ocr_line' id='line_1_14' title="bbox 242 1958 1561 2046; baseline 0.002 -26"><span class='ocrx_word' id='word_1_111' title='bbox 242 2010 248 2020; x_wconf 87' lang='lat'><em>.</em></span> <span class='ocrx_word' id='word_1_112' title='bbox 334 1960 418 2027; x_wconf 90' lang='lat' dir='ltr'><strong>inter</strong></span> <span class='ocrx_word' id='word_1_113' title='bbox 440 1979 474 2027; x_wconf 89' lang='lat' dir='ltr'><strong>se</strong></span> <span class='ocrx_word' id='word_1_114' title='bbox 496 1961 690 2030; x_wconf 90' lang='lat' dir='ltr'><strong>diversorum</strong></span> <span class='ocrx_word' id='word_1_115' title='bbox 712 1968 787 2029; x_wconf 89' lang='lat' dir='ltr'><strong>sunt</strong></span> <span class='ocrx_word' id='word_1_116' title='bbox 807 1963 998 2045; x_wconf 85' lang='lat' dir='ltr'><strong>Nitzschius,</strong></span> <span class='ocrx_word' id='word_1_117' title='bbox 1019 1959 1298 2046; x_wconf 83' lang='lat' dir='ltr'><strong>Naegelsbachins,</strong></span> <span class='ocrx_word' id='word_1_118' title='bbox 1318 1958 1561 2039; x_wconf 89' lang='lat' dir='ltr'><strong>Baeumleinius,</strong></span> 
     </span>
     <span class='ocr_line' id='line_1_15' title="bbox 333 2067 1562 2155; baseline -0.002 -19"><span class='ocrx_word' id='word_1_119' title='bbox 333 2072 566 2155; x_wconf 88' lang='lat' dir='ltr'><strong>Bemhardyus,</strong></span> <span class='ocrx_word' id='word_1_120' title='bbox 588 2073 789 2155; x_wconf 89' lang='lat' dir='ltr'><strong>Ritschelius,</strong></span> <span class='ocrx_word' id='word_1_121' title='bbox 811 2074 874 2154; x_wconf 90' lang='lat' dir='ltr'><strong>alii,</strong></span> <span class='ocrx_word' id='word_1_122' title='bbox 897 2075 951 2154; x_wconf 91' lang='lat' dir='ltr'><strong>qui</strong></span> <span class='ocrx_word' id='word_1_123' title='bbox 981 2074 1014 2140; x_wconf 92' lang='lat' dir='ltr'><strong>in</strong></span> <span class='ocrx_word' id='word_1_124' title='bbox 1036 2093 1073 2140; x_wconf 93' lang='lat' dir='ltr'><strong>eo</strong></span> <span class='ocrx_word' id='word_1_125' title='bbox 1096 2091 1159 2138; x_wconf 92' lang='lat' dir='ltr'><strong>uno</strong></span> <span class='ocrx_word' id='word_1_126' title='bbox 1176 2072 1215 2139; x_wconf 90' lang='lat' dir='ltr'><strong>ab</strong></span> <span class='ocrx_word' id='word_1_127' title='bbox 1230 2069 1369 2153; x_wconf 89' lang='lat' dir='ltr'><strong>antiquis</strong></span> <span class='ocrx_word' id='word_1_128' title='bbox 1385 2069 1500 2136; x_wconf 85' lang='lat' dir='ltr'><strong>critIcIs</strong></span> <span class='ocrx_word' id='word_1_129' title='bbox 1516 2067 1562 2134; x_wconf 93' lang='lat' dir='ltr'><strong>di-</strong></span> 
     </span>
     <span class='ocr_line' id='line_1_16' title="bbox 334 2177 1561 2268; baseline -0.002 -21"><span class='ocrx_word' id='word_1_130' title='bbox 334 2182 550 2266; x_wconf 85' lang='lat' dir='ltr'><strong>stinguuntur,</strong></span> <span class='ocrx_word' id='word_1_131' title='bbox 571 2183 655 2265; x_wconf 93' lang='lat' dir='ltr'><strong>quod</strong></span> <span class='ocrx_word' id='word_1_132' title='bbox 671 2184 824 2267; x_wconf 91' lang='lat' dir='ltr'><strong>quasdam</strong></span> <span class='ocrx_word' id='word_1_133' title='bbox 843 2189 949 2266; x_wconf 90' lang='lat' dir='ltr'><strong>partes</strong></span> <span class='ocrx_word' id='word_1_134' title='bbox 963 2185 1013 2250; x_wconf 87' lang='lat' dir='ltr'><strong>vel</strong></span> <span class='ocrx_word' id='word_1_135' title='bbox 1035 2183 1209 2268; x_wconf 88' lang='lat' dir='ltr'><strong>particulas</strong></span> <span class='ocrx_word' id='word_1_136' title='bbox 1223 2183 1255 2248; x_wconf 92' lang='lat' dir='ltr'><strong>in</strong></span> <span class='ocrx_word' id='word_1_137' title='bbox 1270 2180 1400 2248; x_wconf 89' lang='lat' dir='ltr'><strong>Iliadem</strong></span> <span class='ocrx_word' id='word_1_138' title='bbox 1416 2184 1448 2246; x_wconf 91' lang='lat' dir='ltr'><strong>et</strong></span> <span class='ocrx_word' id='word_1_139' title='bbox 1464 2177 1561 2262; x_wconf 72' lang='lat' dir='ltr'><strong>Odys</strong></span> 
     </span>
     <span class='ocr_line' id='line_1_17' title="bbox 334 2288 1562 2378; baseline -0.003 -20"><span class='ocrx_word' id='word_1_140' title='bbox 334 2311 419 2359; x_wconf 83' lang='lat' dir='ltr'><strong>seam</strong></span> <span class='ocrx_word' id='word_1_141' title='bbox 440 2293 578 2360; x_wconf 77' lang='lat' dir='ltr'><strong>intrusae</strong></span> <span class='ocrx_word' id='word_1_142' title='bbox 601 2300 730 2360; x_wconf 90' lang='lat' dir='ltr'><strong>censent</strong></span> <span class='ocrx_word' id='word_1_143' title='bbox 749 2295 922 2376; x_wconf 89' lang='lat' dir='ltr'><strong>posteriore</strong></span> <span class='ocrx_word' id='word_1_144' title='bbox 943 2295 1173 2378; x_wconf 90' lang='lat' dir='ltr'><strong>rhapsodorum</strong></span> <span class='ocrx_word' id='word_1_145' title='bbox 1194 2293 1249 2377; x_wconf 92' lang='lat' dir='ltr'><strong>qui</strong></span> <span class='ocrx_word' id='word_1_146' title='bbox 1264 2291 1396 2358; x_wconf 86' lang='lat' dir='ltr'><strong>Iliadem</strong></span> <span class='ocrx_word' id='word_1_147' title='bbox 1416 2297 1449 2357; x_wconf 88' lang='lat' dir='ltr'><strong>et</strong></span> <span class='ocrx_word' id='word_1_148' title='bbox 1464 2288 1562 2372; x_wconf 88' lang='lat' dir='ltr'><strong>Odys·</strong></span> 
     </span>
    </p>
   </div>
   <div class='ocr_carea' id='block_1_4' title="bbox 288 2399 1562 4705">
    <p class='ocr_par' dir='ltr' id='par_1_4' title="bbox 288 2399 1562 4705">
     <span class='ocr_line' id='line_1_18' title="bbox 334 2399 1561 2489; baseline -0.003 -21"><span class='ocrx_word' id='word_1_149' title='bbox 334 2421 419 2470; x_wconf 87' lang='lat' dir='ltr'><strong>seam</strong></span> <span class='ocrx_word' id='word_1_150' title='bbox 441 2404 576 2486; x_wconf 90' lang='lat' dir='ltr'><strong>primum</strong></span> <span class='ocrx_word' id='word_1_151' title='bbox 597 2424 659 2471; x_wconf 92' lang='lat' dir='ltr'><strong>uno</strong></span> <span class='ocrx_word' id='word_1_152' title='bbox 682 2408 791 2471; x_wconf 91' lang='lat' dir='ltr'><strong>tenore</strong></span> <span class='ocrx_word' id='word_1_153' title='bbox 813 2405 990 2489; x_wconf 88' lang='lat' dir='ltr'><strong>conpositas</strong></span> <span class='ocrx_word' id='word_1_154' title='bbox 1012 2405 1045 2469; x_wconf 91' lang='lat' dir='ltr'><strong>in</strong></span> <span class='ocrx_word' id='word_1_155' title='bbox 1065 2402 1205 2488; x_wconf 84' lang='lat' dir='ltr'><strong>singulas</strong></span> <span class='ocrx_word' id='word_1_156' title='bbox 1220 2401 1405 2485; x_wconf 88' lang='lat' dir='ltr'><strong>rhapsodias</strong></span> <span class='ocrx_word' id='word_1_157' title='bbox 1424 2399 1561 2466; x_wconf 83' lang='lat' dir='ltr'><strong>dIsiecis·</strong></span> 
     </span>
     <span class='ocr_line' id='line_1_19' title="bbox 334 2509 1561 2597; baseline -0.002 -20"><span class='ocrx_word' id='word_1_158' title='bbox 334 2519 405 2580; x_wconf 90' lang='lat' dir='ltr'><strong>sent</strong></span> <span class='ocrx_word' id='word_1_159' title='bbox 425 2514 675 2597; x_wconf 88' lang='lat' dir='ltr'><strong>interpolatione.</strong></span> <span class='ocrx_word' id='word_1_160' title='bbox 716 2517 801 2582; x_wconf 91' lang='lat' dir='ltr'><strong>solus</strong></span> <span class='ocrx_word' id='word_1_161' title='bbox 824 2534 948 2597; x_wconf 89' lang='lat' dir='ltr'><strong>eorum,</strong></span> <span class='ocrx_word' id='word_1_162' title='bbox 970 2533 1048 2597; x_wconf 90' lang='lat' dir='ltr'><strong>quos</strong></span> <span class='ocrx_word' id='word_1_163' title='bbox 1070 2514 1314 2593; x_wconf 80' lang='lat' dir='ltr'><strong>nominavimus,</strong></span> <span class='ocrx_word' id='word_1_164' title='bbox 1336 2509 1561 2593; x_wconf 88' lang='lat' dir='ltr'><strong>Bernhardyus</strong></span> 
     </span>
     <span class='ocr_line' id='line_1_20' title="bbox 333 2622 1561 2710; baseline -0.003 -20"><span class='ocrx_word' id='word_1_165' title='bbox 333 2624 508 2705; x_wconf 81' lang='lat' dir='ltr'><strong>aliquare,</strong></span> <span class='ocrx_word' id='word_1_166' title='bbox 531 2644 625 2708; x_wconf 89' lang='lat' dir='ltr'><strong>quam</strong></span> <span class='ocrx_word' id='word_1_167' title='bbox 646 2627 714 2710; x_wconf 89' lang='lat' dir='ltr'><strong>ipse</strong></span> <span class='ocrx_word' id='word_1_168' title='bbox 735 2645 796 2692; x_wconf 93' lang='lat' dir='ltr'><strong>uon</strong></span> <span class='ocrx_word' id='word_1_169' title='bbox 820 2627 897 2693; x_wconf 90' lang='lat' dir='ltr'><strong>satis</strong></span> <span class='ocrx_word' id='word_1_170' title='bbox 920 2624 1046 2707; x_wconf 88' lang='lat' dir='ltr'><strong>definit,</strong></span> <span class='ocrx_word' id='word_1_171' title='bbox 1068 2644 1103 2693; x_wconf 89' lang='lat' dir='ltr'><strong>se</strong></span> <span class='ocrx_word' id='word_1_172' title='bbox 1125 2626 1165 2692; x_wconf 93' lang='lat' dir='ltr'><strong>ab</strong></span> <span class='ocrx_word' id='word_1_173' title='bbox 1189 2625 1234 2691; x_wconf 90' lang='lat' dir='ltr'><strong>eis</strong></span> <span class='ocrx_word' id='word_1_174' title='bbox 1257 2623 1416 2691; x_wconf 83' lang='lat' dir='ltr'><strong>diversum</strong></span> <span class='ocrx_word' id='word_1_175' title='bbox 1437 2639 1507 2688; x_wconf 90' lang='lat' dir='ltr'><strong>esse</strong></span> <span class='ocrx_word' id='word_1_176' title='bbox 1529 2622 1561 2686; x_wconf 93' lang='lat' dir='ltr'><strong>in</strong></span> 
     </span>
     <span class='ocr_line' id='line_1_21' title="bbox 323 2733 1561 2817; baseline 0 -19"><span class='ocrx_word' id='word_1_177' title='bbox 323 2733 465 2816; x_wconf 85' lang='lat' dir='ltr'><strong>¹historia</strong></span> <span class='ocrx_word' id='word_1_178' title='bbox 490 2735 550 2802; x_wconf 88' lang='lat' dir='ltr'><strong>litt.</strong></span> <span class='ocrx_word' id='word_1_179' title='bbox 576 2735 631 2801; x_wconf 85' lang='lat' dir='ltr'><strong>Gr.</strong></span> <span class='ocrx_word' id='word_1_180' title='bbox 651 2736 736 2804; x_wconf 86' lang='lat' dir='ltr'><strong>dicit.</strong></span> <span class='ocrx_word' id='word_1_181' title='bbox 753 2756 881 2805; x_wconf 91' lang='lat' dir='ltr'><strong>censere</strong></span> <span class='ocrx_word' id='word_1_182' title='bbox 910 2736 963 2804; x_wconf 89' lang='lat' dir='ltr'><strong>ille</strong></span> <span class='ocrx_word' id='word_1_183' title='bbox 990 2737 1132 2817; x_wconf 81' lang='lat' dir='ltr'><strong>uidetur,</strong></span> <span class='ocrx_word' id='word_1_184' title='bbox 1164 2735 1196 2801; x_wconf 91' lang='lat' dir='ltr'><strong>ni</strong></span> <span class='ocrx_word' id='word_1_185' title='bbox 1226 2734 1334 2799; x_wconf 89' lang='lat' dir='ltr'><strong>multis</strong></span> <span class='ocrx_word' id='word_1_186' title='bbox 1363 2733 1472 2816; x_wconf 87' lang='lat' dir='ltr'><strong>eisque</strong></span> <span class='ocrx_word' id='word_1_187' title='bbox 1499 2751 1561 2799; x_wconf 92' lang='lat' dir='ltr'><strong>non</strong></span> 
     </span>
     <span class='ocr_line' id='line_1_22' title="bbox 333 2844 1561 2931; baseline -0.002 -21"><span class='ocrx_word' id='word_1_188' title='bbox 333 2845 411 2910; x_wconf 88' lang='lat' dir='ltr'><strong>satis</strong></span> <span class='ocrx_word' id='word_1_189' title='bbox 433 2846 606 2929; x_wconf 90' lang='lat' dir='ltr'><strong>perspicuis</strong></span> <span class='ocrx_word' id='word_1_190' title='bbox 627 2847 812 2931; x_wconf 85' lang='lat' dir='ltr'><strong>ambagibus</strong></span> <span class='ocrx_word' id='word_1_191' title='bbox 834 2848 957 2929; x_wconf 89' lang='lat' dir='ltr'><strong>decepti</strong></span> <span class='ocrx_word' id='word_1_192' title='bbox 978 2845 1111 2930; x_wconf 89' lang='lat' dir='ltr'><strong>falsique</strong></span> <span class='ocrx_word' id='word_1_193' title='bbox 1136 2863 1254 2926; x_wconf 91' lang='lat' dir='ltr'><strong>sumus,</strong></span> <span class='ocrx_word' id='word_1_194' title='bbox 1277 2863 1374 2910; x_wconf 90' lang='lat' dir='ltr'><strong>uuum</strong></span> <span class='ocrx_word' id='word_1_195' title='bbox 1389 2844 1561 2910; x_wconf 90' lang='lat' dir='ltr'><strong>Homerum</strong></span> 
     </span>
     <span class='ocr_line' id='line_1_23' title="bbox 334 2953 1562 3042; baseline -0.002 -22"><span class='ocrx_word' id='word_1_196' title='bbox 334 2954 425 3022; x_wconf 89' lang='lat' dir='ltr'><strong>ambo</strong></span> <span class='ocrx_word' id='word_1_197' title='bbox 456 2955 509 3022; x_wconf 86' lang='lat' dir='ltr'><strong>illa</strong></span> <span class='ocrx_word' id='word_1_198' title='bbox 536 2963 682 3041; x_wconf 76' lang='lat' dir='ltr'><strong>poemata</strong></span> <span class='ocrx_word' id='word_1_199' title='bbox 710 2977 802 3026; x_wconf 90' lang='lat' dir='ltr'><strong>usum</strong></span> <span class='ocrx_word' id='word_1_200' title='bbox 830 2958 1058 3042; x_wconf 87' lang='lat' dir='ltr'><strong>antiqquribus</strong></span> <span class='ocrx_word' id='word_1_201' title='bbox 1080 2957 1140 3040; x_wconf 91' lang='lat' dir='ltr'><strong>ipsi</strong></span> <span class='ocrx_word' id='word_1_202' title='bbox 1162 2975 1219 3040; x_wconf 91' lang='lat' dir='ltr'><strong>per</strong></span> <span class='ocrx_word' id='word_1_203' title='bbox 1240 2954 1413 3037; x_wconf 86' lang='lat' dir='ltr'><strong>rhapsodos</strong></span> <span class='ocrx_word' id='word_1_204' title='bbox 1436 2953 1562 3020; x_wconf 76' lang='lat' dir='ltr'><strong>haditIs</strong></span> 
     </span>
     <span class='ocr_line' id='line_1_24' title="bbox 334 3064 1561 3153; baseline 0.001 -23"><span class='ocrx_word' id='word_1_205' title='bbox 334 3064 464 3148; x_wconf 84' lang='lat' dir='ltr'><strong>singulis</strong></span> <span class='ocrx_word' id='word_1_206' title='bbox 492 3068 680 3136; x_wconf 80' lang='lat' dir='ltr'><strong>carmInibus</strong></span> <span class='ocrx_word' id='word_1_207' title='bbox 709 3069 912 3153; x_wconf 88' lang='lat' dir='ltr'><strong>conposuisse</strong></span> <span class='ocrx_word' id='word_1_208' title='bbox 940 3069 1024 3136; x_wconf 86' lang='lat' dir='ltr'><strong>circa</strong></span> <span class='ocrx_word' id='word_1_209' title='bbox 1055 3073 1117 3134; x_wconf 86' lang='lat'><strong>950</strong></span> <span class='ocrx_word' id='word_1_210' title='bbox 1139 3085 1272 3148; x_wconf 90' lang='lat' dir='ltr'><strong>annum,</strong></span> <span class='ocrx_word' id='word_1_211' title='bbox 1300 3065 1356 3132; x_wconf 87' lang='lat' dir='ltr'><strong>sed</strong></span> <span class='ocrx_word' id='word_1_212' title='bbox 1387 3084 1425 3132; x_wconf 90' lang='lat' dir='ltr'><strong>ea</strong></span> <span class='ocrx_word' id='word_1_213' title='bbox 1451 3069 1561 3148; x_wconf 90' lang='lat' dir='ltr'><strong>postea</strong></span> 
     </span>
     <span class='ocr_line' id='line_1_25' title="bbox 333 3175 1562 3261; baseline 0.001 -20"><span class='ocrx_word' id='word_1_214' title='bbox 333 3175 452 3244; x_wconf 88' lang='lat' dir='ltr'><strong>disfusa</strong></span> <span class='ocrx_word' id='word_1_215' title='bbox 472 3179 699 3261; x_wconf 90' lang='lat' dir='ltr'><strong>posterioribus</strong></span> <span class='ocrx_word' id='word_1_216' title='bbox 713 3180 921 3248; x_wconf 83' lang='lat' dir='ltr'><strong>dlasceuastis</strong></span> <span class='ocrx_word' id='word_1_217' title='bbox 936 3197 1046 3246; x_wconf 86' lang='lat' dir='ltr'><strong>ansam</strong></span> <span class='ocrx_word' id='word_1_218' title='bbox 1060 3177 1312 3261; x_wconf 87' lang='lat' dir='ltr'><strong>interpolationis</strong></span> <span class='ocrx_word' id='word_1_219' title='bbox 1327 3177 1458 3243; x_wconf 86' lang='lat' dir='ltr'><strong>multam</strong></span> <span class='ocrx_word' id='word_1_220' title='bbox 1471 3193 1562 3259; x_wconf 90' lang='lat' dir='ltr'><strong>prae-</strong></span> 
     </span>
     <span class='ocr_line' id='line_1_26' title="bbox 331 3287 1561 3374; baseline 0.001 -21"><span class='ocrx_word' id='word_1_221' title='bbox 331 3288 447 3369; x_wconf 90' lang='lat' dir='ltr'><strong>buisse,</strong></span> <span class='ocrx_word' id='word_1_222' title='bbox 470 3290 521 3355; x_wconf 88' lang='lat' dir='ltr'><strong>cui</strong></span> <span class='ocrx_word' id='word_1_223' title='bbox 543 3291 680 3372; x_wconf 85' lang='lat' dir='ltr'><strong>opimoni</strong></span> <span class='ocrx_word' id='word_1_224' title='bbox 695 3289 851 3357; x_wconf 87' lang='lat' dir='ltr'><strong>Nitzschii</strong></span> <span class='ocrx_word' id='word_1_225' title='bbox 869 3290 974 3374; x_wconf 92' lang='lat' dir='ltr'><strong>opinio</strong></span> <span class='ocrx_word' id='word_1_226' title='bbox 996 3290 1082 3356; x_wconf 87' lang='lat' dir='ltr'><strong>haud</strong></span> <span class='ocrx_word' id='word_1_227' title='bbox 1097 3290 1248 3357; x_wconf 89' lang='lat' dir='ltr'><strong>absimilis</strong></span> <span class='ocrx_word' id='word_1_228' title='bbox 1263 3292 1322 3355; x_wconf 89' lang='lat' dir='ltr'><strong>est.</strong></span> <span class='ocrx_word' id='word_1_229' title='bbox 1356 3287 1412 3355; x_wconf 91' lang='lat' dir='ltr'><strong>sed</strong></span> <span class='ocrx_word' id='word_1_230' title='bbox 1427 3291 1561 3368; x_wconf 90' lang='lat' dir='ltr'><strong>uterque</strong></span> 
     </span>
     <span class='ocr_line' id='line_1_27' title="bbox 331 3398 1560 3484; baseline -0.001 -20"><span class='ocrx_word' id='word_1_231' title='bbox 331 3402 440 3465; x_wconf 87' lang='lat' dir='ltr'><strong>nostra</strong></span> <span class='ocrx_word' id='word_1_232' title='bbox 469 3400 680 3484; x_wconf 83' lang='lat' dir='ltr'><strong>dIsputatione</strong></span> <span class='ocrx_word' id='word_1_233' title='bbox 708 3403 785 3468; x_wconf 90' lang='lat' dir='ltr'><strong>satis</strong></span> <span class='ocrx_word' id='word_1_234' title='bbox 813 3401 973 3468; x_wconf 89' lang='lat' dir='ltr'><strong>refelletur</strong></span> <span class='ocrx_word' id='word_1_235' title='bbox 1002 3419 1064 3468; x_wconf 89' lang='lat' dir='ltr'><strong>una</strong></span> <span class='ocrx_word' id='word_1_236' title='bbox 1093 3419 1164 3467; x_wconf 91' lang='lat' dir='ltr'><strong>cum</strong></span> <span class='ocrx_word' id='word_1_237' title='bbox 1186 3398 1376 3480; x_wconf 85' lang='lat' dir='ltr'><strong>Ritschelio,</strong></span> <span class='ocrx_word' id='word_1_238' title='bbox 1403 3398 1458 3479; x_wconf 92' lang='lat' dir='ltr'><strong>qui</strong></span> <span class='ocrx_word' id='word_1_239' title='bbox 1487 3401 1560 3480; x_wconf 87' lang='lat' dir='ltr'><strong>post</strong></span> 
     </span>
     <span class='ocr_line' id='line_1_28' title="bbox 332 3509 1559 3594; baseline -0.001 -19"><span class='ocrx_word' id='word_1_240' title='bbox 332 3510 520 3593; x_wconf 80' lang='lat' dir='ltr'><strong>Homerum,</strong></span> <span class='ocrx_word' id='word_1_241' title='bbox 548 3511 603 3594; x_wconf 94' lang='lat' dir='ltr'><strong>qui</strong></span> <span class='ocrx_word' id='word_1_242' title='bbox 631 3531 669 3578; x_wconf 86' lang='lat' dir='ltr'><strong>ex</strong></span> <span class='ocrx_word' id='word_1_243' title='bbox 697 3512 926 3594; x_wconf 88' lang='lat' dir='ltr'><strong>antiquioribus</strong></span> <span class='ocrx_word' id='word_1_244' title='bbox 958 3510 1148 3579; x_wconf 88' lang='lat' dir='ltr'><strong>carminibus</strong></span> <span class='ocrx_word' id='word_1_245' title='bbox 1170 3515 1203 3576; x_wconf 86' lang='lat' dir='ltr'><strong>et</strong></span> <span class='ocrx_word' id='word_1_246' title='bbox 1223 3509 1312 3576; x_wconf 86' lang='lat' dir='ltr'><strong>novis</strong></span> <span class='ocrx_word' id='word_1_247' title='bbox 1334 3509 1375 3576; x_wconf 89' lang='lat' dir='ltr'><strong>ab</strong></span> <span class='ocrx_word' id='word_1_248' title='bbox 1397 3509 1466 3592; x_wconf 90' lang='lat' dir='ltr'><strong>ipso</strong></span> <span class='ocrx_word' id='word_1_249' title='bbox 1488 3527 1559 3576; x_wconf 94' lang='lat' dir='ltr'><strong>con-</strong></span> 
     </span>
     <span class='ocr_line' id='line_1_29' title="bbox 331 3618 1560 3706; baseline 0.002 -22"><span class='ocrx_word' id='word_1_250' title='bbox 331 3618 422 3687; x_wconf 88' lang='lat' dir='ltr'><strong>iectis</strong></span> <span class='ocrx_word' id='word_1_251' title='bbox 437 3621 568 3687; x_wconf 89' lang='lat' dir='ltr'><strong>Iliadem</strong></span> <span class='ocrx_word' id='word_1_252' title='bbox 590 3625 623 3687; x_wconf 92' lang='lat' dir='ltr'><strong>et</strong></span> <span class='ocrx_word' id='word_1_253' title='bbox 638 3621 809 3704; x_wconf 87' lang='lat' dir='ltr'><strong>Odysseam</strong></span> <span class='ocrx_word' id='word_1_254' title='bbox 832 3621 1057 3706; x_wconf 89' lang='lat' dir='ltr'><strong>conposuisset,</strong></span> <span class='ocrx_word' id='word_1_255' title='bbox 1080 3638 1198 3704; x_wconf 89' lang='lat' dir='ltr'><strong>paucas</strong></span> <span class='ocrx_word' id='word_1_256' title='bbox 1220 3624 1346 3686; x_wconf 88' lang='lat' dir='ltr'><strong>tantum</strong></span> <span class='ocrx_word' id='word_1_257' title='bbox 1367 3619 1468 3686; x_wconf 85' lang='lat' dir='ltr'><strong>iactas</strong></span> <span class='ocrx_word' id='word_1_258' title='bbox 1490 3637 1560 3686; x_wconf 89' lang='lat' dir='ltr'><strong>esse</strong></span> 
     </span>
     <span class='ocr_line' id='line_1_30' title="bbox 331 3731 1559 3815; baseline 0.002 -19"><span class='ocrx_word' id='word_1_259' title='bbox 331 3731 725 3814; x_wconf 83' lang='lat' dir='ltr'><strong>interpolatIonesiudicat.</strong></span> <span class='ocrx_word' id='word_1_260' title='bbox 755 3739 881 3815; x_wconf 88' lang='lat' dir='ltr'><strong>praeter</strong></span> <span class='ocrx_word' id='word_1_261' title='bbox 891 3752 970 3815; x_wconf 92' lang='lat' dir='ltr'><strong>quos</strong></span> <span class='ocrx_word' id='word_1_262' title='bbox 982 3732 1289 3800; x_wconf 79' lang='lat' dir='ltr'><strong>Antilochmauniani</strong></span> <span class='ocrx_word' id='word_1_263' title='bbox 1304 3732 1493 3798; x_wconf 83' lang='lat' dir='ltr'><strong>exstiterunt</strong></span> <span class='ocrx_word' id='word_1_264' title='bbox 1505 3749 1559 3798; x_wconf 89' lang='lat' dir='ltr'><strong>ne·</strong></span> 
     </span>
     <span class='ocr_line' id='line_1_31' title="bbox 331 3841 1556 3926; baseline -0.002 -18"><span class='ocrx_word' id='word_1_265' title='bbox 331 3861 393 3925; x_wconf 93' lang='lat' dir='ltr'><strong>que</strong></span> <span class='ocrx_word' id='word_1_266' title='bbox 407 3848 513 3909; x_wconf 91' lang='lat' dir='ltr'><strong>tamen</strong></span> <span class='ocrx_word' id='word_1_267' title='bbox 527 3843 588 3910; x_wconf 92' lang='lat' dir='ltr'><strong>illis</strong></span> <span class='ocrx_word' id='word_1_268' title='bbox 603 3843 729 3911; x_wconf 88' lang='lat' dir='ltr'><strong>adsensi</strong></span> <span class='ocrx_word' id='word_1_269' title='bbox 744 3849 819 3910; x_wconf 89' lang='lat' dir='ltr'><strong>sunt</strong></span> <span class='ocrx_word' id='word_1_270' title='bbox 835 3843 1041 3926; x_wconf 85' lang='lat' dir='ltr'><strong>Dueutnerus,</strong></span> <span class='ocrx_word' id='word_1_271' title='bbox 1057 3843 1197 3924; x_wconf 81' lang='lat' dir='ltr'><strong>Grotius,</strong></span> <span class='ocrx_word' id='word_1_272' title='bbox 1212 3841 1484 3922; x_wconf 83' lang='lat' dir='ltr'><strong>Friedlaenderus,</strong></span> <span class='ocrx_word' id='word_1_273' title='bbox 1503 3841 1556 3924; x_wconf 89' lang='lat' dir='ltr'><strong>qui</strong></span> 
     </span>
     <span class='ocr_line' id='line_1_32' title="bbox 288 3929 1556 4037; baseline -0.002 -19"><span class='ocrx_word' id='word_1_274' title='bbox 288 3983 292 3988; x_wconf 93' lang='lat'><em>·</em></span> <span class='ocrx_word' id='word_1_275' title='bbox 331 3953 461 4019; x_wconf 89' lang='lat' dir='ltr'><strong>Iliadem</strong></span> <span class='ocrx_word' id='word_1_276' title='bbox 489 3957 630 4019; x_wconf 86' lang='lat' dir='ltr'><strong>nostram</strong></span> <span class='ocrx_word' id='word_1_277' title='bbox 659 3954 827 4037; x_wconf 89' lang='lat' dir='ltr'><strong>opinantur</strong></span> <span class='ocrx_word' id='word_1_278' title='bbox 848 3961 1025 4026; x_wconf 87' lang='lat' dir='ltr'><strong>concretam</strong></span> <span class='ocrx_word' id='word_1_279' title='bbox 1047 3974 1085 4022; x_wconf 82' lang='lat' dir='ltr'><strong>ex</strong></span> <span class='ocrx_word' id='word_1_280' title='bbox 1102 3929 1273 4021; x_wconf 66' lang='lat' dir='ltr'><strong>A&#39;chilleide</strong></span> <span class='ocrx_word' id='word_1_281' title='bbox 1297 3954 1345 4037; x_wconf 87' lang='lat' dir='ltr'><strong>(A,</strong></span> <span class='ocrx_word' id='word_1_282' title='bbox 1370 3951 1403 4028; x_wconf 84' lang='grc' dir='ltr'><strong>Θ,</strong></span> <span class='ocrx_word' id='word_1_283' title='bbox 1425 3951 1451 4016; x_wconf 84' lang='grc' dir='ltr'><em>Δ</em></span> <span class='ocrx_word' id='word_1_284' title='bbox 1474 3958 1556 4035; x_wconf 85' lang='lat' dir='ltr'><strong>sqq.)</strong></span> 
     </span>
     <span class='ocr_line' id='line_1_33' title="bbox 331 4063 1556 4148; baseline -0.001 -19"><span class='ocrx_word' id='word_1_285' title='bbox 331 4070 363 4130; x_wconf 93' lang='lat' dir='ltr'><strong>et</strong></span> <span class='ocrx_word' id='word_1_286' title='bbox 375 4063 472 4131; x_wconf 89' lang='lat' dir='ltr'><strong>Iliade</strong></span> <span class='ocrx_word' id='word_1_287' title='bbox 486 4083 583 4147; x_wconf 82' lang='lat' dir='ltr'><strong>parva</strong></span> <span class='ocrx_word' id='word_1_288' title='bbox 597 4063 721 4148; x_wconf 90' lang='lat' dir='ltr'><strong>(B—H,</strong></span> <span class='ocrx_word' id='word_1_289' title='bbox 737 4066 780 4147; x_wconf 91' lang='lat' dir='ltr'><strong>K)</strong></span> <span class='ocrx_word' id='word_1_290' title='bbox 797 4085 966 4148; x_wconf 84' lang='lat' dir='ltr'><strong>eorumque</strong></span> <span class='ocrx_word' id='word_1_291' title='bbox 982 4067 1115 4132; x_wconf 89' lang='lat' dir='ltr'><strong>duorum</strong></span> <span class='ocrx_word' id='word_1_292' title='bbox 1130 4069 1311 4147; x_wconf 82' lang='lat' dir='ltr'><strong>poematum</strong></span> <span class='ocrx_word' id='word_1_293' title='bbox 1325 4063 1556 4147; x_wconf 82' lang='lat' dir='ltr'><strong>prinprio-uno</strong></span> 
     </span>
     <span class='ocr_line' id='line_1_34' title="bbox 330 4173 1557 4259; baseline 0 -20"><span class='ocrx_word' id='word_1_294' title='bbox 330 4177 438 4242; x_wconf 89' lang='lat' dir='ltr'><strong>tenore</strong></span> <span class='ocrx_word' id='word_1_295' title='bbox 466 4175 697 4259; x_wconf 90' lang='lat' dir='ltr'><strong>conpositorum</strong></span> <span class='ocrx_word' id='word_1_296' title='bbox 718 4180 824 4259; x_wconf 88' lang='lat' dir='ltr'><strong>partes</strong></span> <span class='ocrx_word' id='word_1_297' title='bbox 852 4194 927 4242; x_wconf 90' lang='lat' dir='ltr'><strong>casu</strong></span> <span class='ocrx_word' id='word_1_298' title='bbox 959 4176 1094 4243; x_wconf 90' lang='lat' dir='ltr'><strong>disfusas</strong></span> <span class='ocrx_word' id='word_1_299' title='bbox 1117 4193 1202 4259; x_wconf 88' lang='lat' dir='ltr'><strong>esse,</strong></span> <span class='ocrx_word' id='word_1_300' title='bbox 1233 4179 1301 4240; x_wconf 92' lang='lat' dir='ltr'><strong>tum</strong></span> <span class='ocrx_word' id='word_1_301' title='bbox 1323 4173 1458 4258; x_wconf 92' lang='lat' dir='ltr'><strong>quodam</strong></span> <span class='ocrx_word' id='word_1_302' title='bbox 1480 4177 1557 4240; x_wconf 88' lang='lat' dir='ltr'><strong>tem-</strong></span> 
     </span>
     <span class='ocr_line' id='line_1_35' title="bbox 329 4286 1556 4371; baseline 0 -20"><span class='ocrx_word' id='word_1_303' title='bbox 329 4302 405 4368; x_wconf 90' lang='lat' dir='ltr'><strong>pore</strong></span> <span class='ocrx_word' id='word_1_304' title='bbox 428 4286 459 4351; x_wconf 84' lang='lat' dir='ltr'><strong>ln</strong></span> <span class='ocrx_word' id='word_1_305' title='bbox 490 4306 587 4353; x_wconf 93' lang='lat' dir='ltr'><strong>unum</strong></span> <span class='ocrx_word' id='word_1_306' title='bbox 610 4306 761 4354; x_wconf 84' lang='lat' dir='ltr'><strong>conexum</strong></span> <span class='ocrx_word' id='word_1_307' title='bbox 783 4289 938 4356; x_wconf 83' lang='lat' dir='ltr'><strong>conlectae</strong></span> <span class='ocrx_word' id='word_1_308' title='bbox 962 4293 994 4354; x_wconf 89' lang='lat' dir='ltr'><strong>et</strong></span> <span class='ocrx_word' id='word_1_309' title='bbox 1015 4287 1146 4355; x_wconf 87' lang='lat' dir='ltr'><strong>Iliadem</strong></span> <span class='ocrx_word' id='word_1_310' title='bbox 1168 4286 1462 4371; x_wconf 89' lang='lat' dir='ltr'><strong>interpolationibus</strong></span> <span class='ocrx_word' id='word_1_311' title='bbox 1485 4304 1556 4368; x_wconf 91' lang='lat' dir='ltr'><strong>par-</strong></span> 
     </span>
     <span class='ocr_line' id='line_1_36' title="bbox 330 4397 1557 4483; baseline 0 -21"><span class='ocrx_word' id='word_1_312' title='bbox 330 4397 385 4463; x_wconf 94' lang='lat' dir='ltr'><strong>tim</strong></span> <span class='ocrx_word' id='word_1_313' title='bbox 408 4399 470 4463; x_wconf 87' lang='lat' dir='ltr'><strong>lam</strong></span> <span class='ocrx_word' id='word_1_314' title='bbox 491 4417 511 4464; x_wconf 89' lang='lat' dir='ltr'><strong>a</strong></span> <span class='ocrx_word' id='word_1_315' title='bbox 532 4399 697 4483; x_wconf 84' lang='lat' dir='ltr'><strong>rhapsodIs</strong></span> <span class='ocrx_word' id='word_1_316' title='bbox 719 4399 912 4483; x_wconf 81' lang='lat' dir='ltr'><strong>singularum</strong></span> <span class='ocrx_word' id='word_1_317' title='bbox 934 4399 1071 4482; x_wconf 88' lang='lat' dir='ltr'><strong>partium</strong></span> <span class='ocrx_word' id='word_1_318' title='bbox 1094 4398 1261 4465; x_wconf 90' lang='lat' dir='ltr'><strong>liberrimis</strong></span> <span class='ocrx_word' id='word_1_319' title='bbox 1284 4397 1488 4464; x_wconf 89' lang='lat' dir='ltr'><strong>traditoribus</strong></span> <span class='ocrx_word' id='word_1_320' title='bbox 1511 4397 1557 4462; x_wconf 92' lang='lat' dir='ltr'><strong>in-</strong></span> 
     </span>
     <span class='ocr_line' id='line_1_37' title="bbox 329 4507 1555 4593; baseline 0.001 -21"><span class='ocrx_word' id='word_1_321' title='bbox 329 4507 401 4574; x_wconf 91' lang='lat' dir='ltr'><strong>latis</strong></span> <span class='ocrx_word' id='word_1_322' title='bbox 424 4509 634 4592; x_wconf 83' lang='lat' dir='ltr'><strong>inquInatam,</strong></span> <span class='ocrx_word' id='word_1_323' title='bbox 665 4510 837 4593; x_wconf 88' lang='lat' dir='ltr'><strong>Odysseam</strong></span> <span class='ocrx_word' id='word_1_324' title='bbox 860 4529 934 4577; x_wconf 89' lang='lat' dir='ltr'><strong>vero</strong></span> <span class='ocrx_word' id='word_1_325' title='bbox 957 4529 1054 4577; x_wconf 92' lang='lat' dir='ltr'><strong>unum</strong></span> <span class='ocrx_word' id='word_1_326' title='bbox 1084 4510 1177 4577; x_wconf 89' lang='lat' dir='ltr'><strong>unius</strong></span> <span class='ocrx_word' id='word_1_327' title='bbox 1207 4508 1346 4575; x_wconf 87' lang='lat' dir='ltr'><strong>auctoris</strong></span> <span class='ocrx_word' id='word_1_328' title='bbox 1377 4526 1456 4591; x_wconf 91' lang='lat' dir='ltr'><strong>opus</strong></span> <span class='ocrx_word' id='word_1_329' title='bbox 1485 4525 1555 4573; x_wconf 87' lang='lat' dir='ltr'><strong>esse</strong></span> 
     </span>
     <span class='ocr_line' id='line_1_38' title="bbox 329 4617 1555 4705; baseline -0.005 -17"><span class='ocrx_word' id='word_1_330' title='bbox 329 4617 478 4688; x_wconf 89' lang='lat' dir='ltr'><strong>iudicant.</strong></span> <span class='ocrx_word' id='word_1_331' title='bbox 508 4622 621 4688; x_wconf 87' lang='lat' dir='ltr'><strong>tertiae</strong></span> <span class='ocrx_word' id='word_1_332' title='bbox 632 4640 725 4705; x_wconf 91' lang='lat' dir='ltr'><strong>porro</strong></span> <span class='ocrx_word' id='word_1_333' title='bbox 738 4621 1084 4689; x_wconf 81' lang='lat' dir='ltr'><strong>Antilochmanniorum</strong></span> <span class='ocrx_word' id='word_1_334' title='bbox 1099 4619 1192 4689; x_wconf 90' lang='lat' dir='ltr'><strong>classi</strong></span> <span class='ocrx_word' id='word_1_335' title='bbox 1208 4620 1317 4687; x_wconf 86' lang='lat' dir='ltr'><strong>insunt</strong></span> <span class='ocrx_word' id='word_1_336' title='bbox 1333 4619 1388 4702; x_wconf 94' lang='lat' dir='ltr'><strong>qui</strong></span> <span class='ocrx_word' id='word_1_337' title='bbox 1400 4621 1555 4686; x_wconf 81' lang='lat' dir='ltr'><strong>venantur</strong></span> 
     </span>
    </p>
   </div>
   <div class='ocr_carea' id='block_1_5' title="bbox 0 0 1734 5370">
    <p class='ocr_par' dir='ltr' id='par_1_5' title="bbox 0 0 1734 5370">
     <span class='ocr_line' id='line_1_39' title="bbox 0 0 1734 5370; baseline 0 1"><span class='ocrx_word' id='word_1_338' title='bbox 0 0 1734 5370; x_wconf 95' lang='lat' dir='ltr'><strong> </strong></span> 
     </span>
    </p>
   </div>
  </div>
 </body>
</html>
