3460 5370
708 426 997 526 -43-ss·

204 608 477 675 Muellenhollium
499 609 604 688 habet,
625 609 659 672 in
681 609 761 674 libro
784 605 877 673 tertio
899 607 1017 673 decimo
1034 606 1274 688 discrepantiam
1290 607 1327 688 ei,
1349 623 1431 686 quae

207 721 290 785 inter
310 719 338 783 Α
359 723 420 782 222
443 721 559 784 11424
582 718 764 798 intercedit,
795 716 982 782 simillimam
1003 717 1252 799 praetermisisse
1274 720 1307 782 et
1328 717 1432 798 negle

207 831 298 909 nisse,
322 828 616 910 inpudentissimum
639 834 687 894 111
709 828 913 894 mendacium.
946 845 1070 907 nanque
1091 827 1124 892 in
1146 846 1183 893 eo
1199 830 1343 908 camnine,
1366 848 1428 912 quo

203 941 286 1018 liber
317 939 431 1004 tertius
462 938 600 1003 decimus
623 938 813 1017 continetur,
842 956 904 1002 non
930 943 978 1002 est
999 936 1100 1019 locus,
1130 939 1185 1016 qui
1207 938 1236 1003 ei
1258 940 1431 1006 sententiae

206 1050 351 1126 resistat,
381 1067 419 1112 ex
445 1064 508 1126 qua
531 1047 656 1112 Troiani
684 1065 758 1112 suos
787 1063 898 1112 currus
921 1047 962 1110 ad
984 1045 1100 1111 fossam
1121 1030 1319 1128 reliquerint,
1347 1050 1432 1114 solus

205 1158 299 1224 Asius
322 1175 428 1222 secum
450 1158 632 1238 portaverit,
656 1175 734 1238 quos
756 1156 840 1221 locos
858 1156 1120 1222 Friedlaenderus
1135 1161 1285 1236 tanquam
1298 1175 1318 1222 a
1333 1158 1431 1224 Lach-

205 1285 321 1333 manno
343 1266 500 1348 neglectos
522 1267 634 1344 innuit,
658 1285 766 1331 eorum
788 1265 923 1330 alterurn
945 1284 1002 1345 pro
1025 1266 1213 1348 interpolato
1235 1267 1281 1332 ita
1295 1272 1434 1348 praeter-

207 1378 302 1458 misit,
325 1381 361 1440 111
375 1375 535 1442 Β11111111
559 1375 664 1441 decern
687 1376 756 1440 illos
772 1393 890 1456 versus,
914 1394 993 1457 quos
1008 1377 1132 1441 Horatii
1147 1395 1325 1442 sermonum
1340 1379 1433 1460 primi

209 1487 281 1552 libri
316 1485 433 1550 satirae
468 1485 606 1551 decimae
635 1487 823 1566 praemissos
850 1487 1046 1566 inveniebat,
1080 1503 1182 1566 neque
1212 1487 1327 1552 desunt
1352 1489 1436 1554 inter

207 1595 392 1677 philologos
417 1595 471 1676 qui
493 1614 618 1659 versum
640 1593 728 1659 illum
751 1601 807 1659 aut
828 1595 918 1660 uncis
940 1595 1122 1660 incluserint
1144 1599 1201 1661 ant
1216 1597 1248 1660 in
1261 1598 1435 1679 marginem

207 1706 430 1786 represserint,
455 1703 589 1768 alterum
612 1704 724 1769 deinde
747 1723 766 1768 a
788 1704 1030 1770 Friedlaendero
1052 1706 1132 1770 male
1156 1706 1343 1788 explicatum
1365 1725 1434 1772 esse

207 1819 317 1896 postea
339 1815 527 1880 docebimus.
570 1835 644 1897 ergo
667 1815 771 1880 nullae
794 1820 919 1880 exstant
941 1815 1186 1898 discrepantiae,
1215 1816 1328 1898 quibus
1351 1835 1432 1898 quae

207 1926 239 1990 in
260 1926 361 2004 primo
382 1925 462 1991 libro
485 1931 573 2005 suut,
597 1927 623 1990 si
645 1925 737 1991 modo
759 1925 869 1991 vitium
891 1926 967 1991 vitio
989 1926 1072 1991 tueri
1093 1927 1201 2007 liceat,
1233 1926 1357 1992 defendi
1379 1945 1435 1992 eae

208 2037 337 2118 possint.
375 2054 468 2117 porro
490 2035 750 2102 Friedlaenderus
783 2054 855 2101 cum
884 2036 1075 2117 rhapsodum
1104 2038 1274 2119 quendam,
1304 2037 1435 2119 111111-

190 2147 332 2228 ,quando
356 2146 454 2211 solam
476 2146 608 2211 alteram
630 2147 723 2227 primi
744 2145 817 2211 libri
839 2151 961 2228 partem
983 2146 1198 2226 declamasset,
1222 2165 1293 2212 cum
1315 2165 1434 2212 conme-

207 2262 362 2322 morasset
388 2257 472 2322 Iovis
502 2257 543 2321 ad
560 2257 730 2337 Aethiopas
760 2257 837 2336 iter,
865 2261 951 2322 recte
972 2257 1112 2338 potuisse
1135 2257 1295 2322 contendit
1317 2257 1433 2322 addere

207 2367 282 2432 deos
314 2385 421 2432 omnes
450 2387 521 2432 eum
549 2372 674 2432 secutos
705 2385 774 2432 esse
801 2385 903 2446 neque
931 2367 1109 2432 meminisse
1140 2367 1285 2432 debuisse
1307 2367 1340 2430 id
1363 2385 1433 2431 curn

206 2478 308 2558 prima
330 2476 400 2543 libri
423 2479 472 2541 sui
493 2482 584 2556 parte
606 2496 668 2541 non
691 2479 868 2556 concinere,
897 2477 929 2540 id
951 2477 1126 2556 contendit,
1154 2478 1238 2556 quod
1265 2495 1322 2541 nos
1344 2482 1436 2558 cogat

208 2605 335 2654 censere
358 2586 499 2652 consulto
521 2589 553 2652 in
576 2588 651 2667 ipsis
675 2587 864 2652 carminibus
888 2605 906 2650 a
926 2585 1091 2667 rhapsodis
1105 2586 1214 2668 aliqua
1230 2590 1351 2650 mutata
1366 2605 1435 2652 esse

208 2715 338 2777 eosque,
368 2703 404 2762 ut
432 2699 523 2780 genio
554 2703 586 2764 11
613 2699 767 2778 voluptati
796 2698 1010 2778 indulgerent,
1039 2698 1192 2776 quaedam
1218 2697 1360 2763 consulto
1382 2697 1435 2763 ab·

208 2809 318 2874 iecisse
341 2809 386 2873 ad
410 2809 654 2874 sententiam
676 2808 944 2890 pertinentia,
966 2807 1029 2872 alia
1050 2826 1088 2872 ex
1110 2808 1250 2889 ipsorum
1272 2808 1361 2873 libito
1377 2825 1434 2888 pro

208 2919 253 2984 eis
275 2919 448 2984 intrusisse.
479 2937 613 3000 nanque,
636 2919 663 2983 si
678 2918 920 2984 Friedlaendero
936 2917 1099 2997 credimus,
1123 2917 1176 2982 ille
1190 2918 1366 2999 rhapsodus
1382 2936 1435 2982 ue·

208 3047 294 3094 cesse
323 3034 371 3093 est
399 3029 524 3094 eiecerit
552 3047 632 3110 quae
660 3030 721 3111 ipsi
751 3049 787 3094 eo
816 3029 882 3094 loco
911 3033 1001 3093 erant
1029 3028 1164 3107 tradita,
1195 3029 1227 3092 in
1250 3046 1343 3108 quem
1366 3045 1435 3092 eam

208 3156 319 3203 versus
343 3144 482 3219 partem:
507 3136 576 3200 1εοῖ
598 3138 626 3201 δ’
642 3139 707 3222 ἅμα
729 3140 844 3209 πάντες
865 3137 976 3201 ἕποντο
1000 3139 1138 3204 intrusit.
1173 3139 1256 3220 quod
1279 3157 1350 3204 cum
1366 3135 1437 3204 eum

208 3248 319 3314 fecisse
348 3249 415 3313 sine
444 3253 531 3314 recta
558 3267 666 3328 11111,
698 3267 791 3330 quam
822 3247 946 3314 adferre
975 3249 1143 3316 intermisit
1164 3249 1435 3328 Friedlaenderus,

209 3377 271 3423 non
294 3359 336 3424 sit
358 3358 513 3438 credibile,
537 3377 599 3425 non
621 3376 787 3440 possumus
809 3376 872 3423 non
893 3356 1039 3423 disfidere
1062 3359 1128 3423 eius
1151 3359 1190 3424 de
1212 3359 1367 3441 rhapsodo
1383 3359 1437 3441 qui

208 3470 278 3534 aliis
307 3470 413 3536 eiectis
441 3471 519 3537 haec
545 3473 708 3536 intruserit
735 3472 909 3537 sententiae
915 3519 923 3554 ,
956 3472 1054 3537 donec
1084 3488 1153 3535 eam
1182 3471 1305 3536 evincat
1327 3475 1359 3534 et
1379 3489 1437 3536 nos

210 3580 349 3646 discendi
371 3581 500 3660 cupidos
523 3583 642 3662 doceat,
666 3599 760 3662 quarn
782 3583 822 3648 ob
844 3601 910 3648 rem
931 3599 1013 3662 quae
1028 3581 1087 3664 ipsi
1103 3581 1306 3647 declamanda
1319 3582 1452 3646 tradita

209 3695 301 3756 erant
336 3696 368 3755 11
398 3697 471 3756 1111
505 3710 576 3756 eum
606 3711 662 3774 per
687 3693 882 3774 aliquantum
908 3697 1032 3770 tempus
1064 3692 1238 3757 declamata
1269 3696 1359 3756 erant
1383 3691 1436 3756 ille

211 3801 339 3866 eiecerit
361 3806 393 3866 et
415 3819 496 3881 quae
518 3807 637 3867 rectum
659 3803 822 3868 ambarum
845 3803 983 3882 partium
999 3820 1150 3866 conexum
1165 3803 1295 3866 turbant
1309 3819 1366 3881 pro
1381 3802 1434 3880 111,
1507 3837 1509 3844 -

210 3927 293 3990 quae
315 3916 400 3976 certe
421 3916 509 3976 recta
531 3917 564 3976 et
585 3917 660 3992 apta
681 3930 738 3976 suo
761 3911 828 3977 loco
852 3918 951 3991 erant,
975 3912 1147 3976 intruserit.
1187 3918 1351 3993 praeterea
1372 3930 1437 3976 ma·

210 4021 293 4086 ximo
321 4023 425 4088 studio
454 4040 576 4104 semper
604 4023 753 4087 memoria
783 4022 951 4087 tenendum
981 4026 1030 4086 111
1057 4021 1246 4103 1111111111,
1275 4040 1353 4103 quos
1382 4020 1437 4085 ali-

211 4130 300 4195 cuius
322 4132 470 4195 momenti
492 4137 532 4194 ad
555 4132 708 4196 tradenda
730 4133 868 4195 carmina
890 4131 988 4197 fuisse
1010 4137 1043 4196 et
1064 4131 1105 4196 ad
1128 4131 1281 4195 servanda
1304 4135 1436 4209 constat,

209 4243 243 4305 in
266 4241 343 4323 ipsis
372 4243 560 4307 carminibus
583 4240 723 4308 consulto
746 4241 822 4306 nihil
845 4243 927 4323 quod
951 4241 1137 4306 sententiam
1159 4245 1316 4319 spectaret
1338 4244 1438 4305 muta-

211 4353 293 4418 visse
325 4371 426 4434 11111
459 4354 490 4416 11
524 4352 749 4419 mutationibus
784 4354 867 4418 ultra
895 4358 1055 4418 externam
1085 4352 1217 4416 formam
1247 4351 1437 4433 processisse

211 4468 243 4526 et
271 4463 445 4541 interdum,
478 4482 656 4544 quanquam
687 4465 862 4543 rarissime,
890 4464 1104 4528 additamenta
1131 4463 1181 4527 hic
1210 4461 1273 4526 illic
1296 4461 1438 4526 carmini·

211 4574 270 4640 bus
306 4591 370 4637 non
403 4574 595 4642 interiecisse
628 4574 684 4640 sed
718 4574 807 4656 quasi
840 4573 873 4640 in
907 4573 1007 4642 cauda
1039 4572 1204 4662 adiecisse,
1237 4578 1273 4644 ut
1306 4571 1437 4661 exempli
