<?xml version="1.0" encoding="UTF-8"?>
<!DOCTYPE html PUBLIC "-//W3C//DTD XHTML 1.0 Transitional//EN"
    "http://www.w3.org/TR/xhtml1/DTD/xhtml1-transitional.dtd">
<html xmlns="http://www.w3.org/1999/xhtml" xml:lang="en" lang="en">
 <head>
  <title>
</title>
<meta http-equiv="Content-Type" content="text/html;charset=utf-8" />
  <meta name='ocr-system' content='tesseract 3.04.00' />
  <meta name='ocr-capabilities' content='ocr_page ocr_carea ocr_par ocr_line ocrx_word'/>
</head>
<body>
  <div class='ocr_page' id='page_1' title='image "./deiliadislibrop00benigoog_0041.png"; bbox 0 0 3460 5370; ppageno 0'>
   <div class='ocr_carea' id='block_1_1' title="bbox 835 429 1048 492">
    <p class='ocr_par' dir='ltr' id='par_1_1' title="bbox 835 429 1048 492">
     <span class='ocr_line' id='line_1_1' title="bbox 835 429 1048 492; baseline 0 -18"><span class='ocrx_word' id='word_1_1' title='bbox 835 429 1048 492; x_wconf 79' lang='lat'><strong>..34-</strong></span> 
     </span>
    </p>
   </div>
   <div class='ocr_carea' id='block_1_2' title="bbox 327 608 1559 2565">
    <p class='ocr_par' dir='ltr' id='par_1_2' title="bbox 327 608 1559 2565">
     <span class='ocr_line' id='line_1_2' title="bbox 328 608 1552 694; baseline -0.002 -17"><span class='ocrx_word' id='word_1_2' title='bbox 328 612 387 691; x_wconf 89' lang='lat' dir='ltr'><strong>sit,</strong></span> <span class='ocrx_word' id='word_1_3' title='bbox 410 612 464 694; x_wconf 90' lang='lat' dir='ltr'><strong>qui</strong></span> <span class='ocrx_word' id='word_1_4' title='bbox 485 612 620 692; x_wconf 92' lang='lat' dir='ltr'><strong>primum</strong></span> <span class='ocrx_word' id='word_1_5' title='bbox 644 628 768 678; x_wconf 91' lang='lat' dir='ltr'><strong>carmen</strong></span> <span class='ocrx_word' id='word_1_6' title='bbox 791 610 1037 690; x_wconf 91' lang='lat' dir='ltr'><strong>restituendum,</strong></span> <span class='ocrx_word' id='word_1_7' title='bbox 1065 609 1141 692; x_wconf 90' lang='lat' dir='ltr'><strong>quid</strong></span> <span class='ocrx_word' id='word_1_8' title='bbox 1163 610 1246 675; x_wconf 90' lang='lat' dir='ltr'><strong>inter</strong></span> <span class='ocrx_word' id='word_1_9' title='bbox 1267 608 1483 675; x_wconf 90' lang='lat' dir='ltr'><strong>additamenta</strong></span> <span class='ocrx_word' id='word_1_10' title='bbox 1503 627 1552 674; x_wconf 89' lang='lat' dir='ltr'><strong>re·</strong></span> 
     </span>
     <span class='ocr_line' id='line_1_3' title="bbox 327 718 1556 806; baseline -0.003 -18"><span class='ocrx_word' id='word_1_11' title='bbox 327 724 533 806; x_wconf 90' lang='lat' dir='ltr'><strong>primendum.</strong></span> <span class='ocrx_word' id='word_1_12' title='bbox 564 723 639 789; x_wconf 91' lang='lat' dir='ltr'>nihil</span> <span class='ocrx_word' id='word_1_13' title='bbox 655 724 751 804; x_wconf 90' lang='lat' dir='ltr'><strong>igitur</strong></span> <span class='ocrx_word' id='word_1_14' title='bbox 765 722 880 788; x_wconf 90' lang='lat' dir='ltr'><strong>ianiam</strong></span> <span class='ocrx_word' id='word_1_15' title='bbox 897 721 1075 788; x_wconf 88' lang='lat' dir='ltr'><strong>addendum</strong></span> <span class='ocrx_word' id='word_1_16' title='bbox 1090 720 1180 787; x_wconf 88' lang='lat' dir='ltr'><strong>nobis</strong></span> <span class='ocrx_word' id='word_1_17' title='bbox 1195 724 1280 785; x_wconf 90' lang='lat' dir='ltr'><strong>esset</strong></span> <span class='ocrx_word' id='word_1_18' title='bbox 1294 721 1335 785; x_wconf 89' lang='lat' dir='ltr'><strong>ad</strong></span> <span class='ocrx_word' id='word_1_19' title='bbox 1350 724 1397 799; x_wconf 81' lang='lat' dir='ltr'><strong>ea&#39;,</strong></span> <span class='ocrx_word' id='word_1_20' title='bbox 1420 735 1500 802; x_wconf 89' lang='lat' dir='ltr'><strong>quae</strong></span> <span class='ocrx_word' id='word_1_21' title='bbox 1516 718 1556 784; x_wconf 88' lang='lat' dir='ltr'><strong>de</strong></span> 
     </span>
     <span class='ocr_line' id='line_1_4' title="bbox 328 830 1557 917; baseline -0.003 -19"><span class='ocrx_word' id='word_1_22' title='bbox 328 833 437 900; x_wconf 82' lang='lat' dir='ltr'><strong>Iliadis</strong></span> <span class='ocrx_word' id='word_1_23' title='bbox 458 832 538 900; x_wconf 91' lang='lat' dir='ltr'><strong>libro</strong></span> <span class='ocrx_word' id='word_1_24' title='bbox 560 834 661 917; x_wconf 93' lang='lat' dir='ltr'><strong>primo</strong></span> <span class='ocrx_word' id='word_1_25' title='bbox 683 833 880 917; x_wconf 70' lang='lat' dir='ltr'><strong>protulimus</strong></span> <span class='ocrx_word' id='word_1_26' title='bbox 901 833 962 898; x_wconf 86' lang='lat' dir='ltr'><strong>nisi</strong></span> <span class='ocrx_word' id='word_1_27' title='bbox 979 831 1136 910; x_wconf 83' lang='lat' dir='ltr'>adessent,</span> <span class='ocrx_word' id='word_1_28' title='bbox 1159 831 1213 911; x_wconf 91' lang='lat' dir='ltr'><strong>qui</strong></span> <span class='ocrx_word' id='word_1_29' title='bbox 1228 847 1407 913; x_wconf 84' lang='lat' dir='ltr'>quanquam</span> <span class='ocrx_word' id='word_1_30' title='bbox 1422 848 1442 894; x_wconf 92' lang='lat' dir='ltr'><strong>a</strong></span> <span class='ocrx_word' id='word_1_31' title='bbox 1456 830 1557 896; x_wconf 89' lang='lat' dir='ltr'><strong>Lach-</strong></span> 
     </span>
     <span class='ocr_line' id='line_1_5' title="bbox 327 940 1556 1028; baseline -0.004 -18"><span class='ocrx_word' id='word_1_32' title='bbox 327 963 450 1026; x_wconf 88' lang='lat' dir='ltr'><strong>manno‚</strong></span> <span class='ocrx_word' id='word_1_33' title='bbox 473 946 622 1028; x_wconf 91' lang='lat' dir='ltr'><strong>Hauptio,</strong></span> <span class='ocrx_word' id='word_1_34' title='bbox 645 945 799 1027; x_wconf 88' lang='lat' dir='ltr'><strong>Naeckio,</strong></span> <span class='ocrx_word' id='word_1_35' title='bbox 822 945 890 1011; x_wconf 88' lang='lat' dir='ltr'><strong>aliis</strong></span> <span class='ocrx_word' id='word_1_36' title='bbox 912 950 1001 1010; x_wconf 92' lang='lat' dir='ltr'><strong>recta</strong></span> <span class='ocrx_word' id='word_1_37' title='bbox 1023 943 1062 1010; x_wconf 90' lang='lat' dir='ltr'><strong>de</strong></span> <span class='ocrx_word' id='word_1_38' title='bbox 1085 942 1191 1008; x_wconf 84' lang='lat' dir='ltr'><strong>Iliadis</strong></span> <span class='ocrx_word' id='word_1_39' title='bbox 1214 961 1252 1007; x_wconf 89' lang='lat' dir='ltr'><strong>ea</strong></span> <span class='ocrx_word' id='word_1_40' title='bbox 1266 945 1357 1024; x_wconf 91' lang='lat' dir='ltr'><strong>parte</strong></span> <span class='ocrx_word' id='word_1_41' title='bbox 1371 941 1404 1005; x_wconf 93' lang='lat' dir='ltr'><strong>in</strong></span> <span class='ocrx_word' id='word_1_42' title='bbox 1420 940 1556 1007; x_wconf 90' lang='lat' dir='ltr'><strong>medium</strong></span> 
     </span>
     <span class='ocr_line' id='line_1_6' title="bbox 327 1051 1554 1139; baseline -0.004 -18"><span class='ocrx_word' id='word_1_43' title='bbox 327 1055 450 1139; x_wconf 90' lang='lat' dir='ltr'><strong>prolata</strong></span> <span class='ocrx_word' id='word_1_44' title='bbox 471 1060 555 1137; x_wconf 90' lang='lat' dir='ltr'><strong>sunt,</strong></span> <span class='ocrx_word' id='word_1_45' title='bbox 576 1060 682 1122; x_wconf 91' lang='lat' dir='ltr'><strong>tamen</strong></span> <span class='ocrx_word' id='word_1_46' title='bbox 698 1074 790 1121; x_wconf 91' lang='lat' dir='ltr'><strong>suum</strong></span> <span class='ocrx_word' id='word_1_47' title='bbox 805 1055 985 1135; x_wconf 88' lang='lat' dir='ltr'>Homerum,</span> <span class='ocrx_word' id='word_1_48' title='bbox 1009 1071 1098 1120; x_wconf 89' lang='lat' dir='ltr'><strong>suam</strong></span> <span class='ocrx_word' id='word_1_49' title='bbox 1114 1051 1340 1131; x_wconf 85' lang='lat' dir='ltr'><strong>orthodoxiam,</strong></span> <span class='ocrx_word' id='word_1_50' title='bbox 1363 1068 1437 1116; x_wconf 92' lang='lat' dir='ltr'><strong>suas</strong></span> <span class='ocrx_word' id='word_1_51' title='bbox 1453 1070 1472 1116; x_wconf 90' lang='lat' dir='ltr'><strong>a</strong></span> <span class='ocrx_word' id='word_1_52' title='bbox 1487 1051 1554 1116; x_wconf 89' lang='lat' dir='ltr'><strong>suis</strong></span> 
     </span>
     <span class='ocr_line' id='line_1_7' title="bbox 328 1161 1553 1248; baseline -0.002 -19"><span class='ocrx_word' id='word_1_53' title='bbox 328 1166 487 1248; x_wconf 84' lang='lat' dir='ltr'><strong>magistris</strong></span> <span class='ocrx_word' id='word_1_54' title='bbox 510 1165 827 1232; x_wconf 86' lang='lat' dir='ltr'><strong>antelachmannianis</strong></span> <span class='ocrx_word' id='word_1_55' title='bbox 853 1165 1002 1247; x_wconf 90' lang='lat' dir='ltr'><strong>adceptas</strong></span> <span class='ocrx_word' id='word_1_56' title='bbox 1022 1168 1055 1228; x_wconf 92' lang='lat' dir='ltr'><strong>et</strong></span> <span class='ocrx_word' id='word_1_57' title='bbox 1076 1166 1181 1227; x_wconf 91' lang='lat' dir='ltr'><strong>mente</strong></span> <span class='ocrx_word' id='word_1_58' title='bbox 1203 1166 1370 1244; x_wconf 88' lang='lat' dir='ltr'><strong>conceptas</strong></span> <span class='ocrx_word' id='word_1_59' title='bbox 1392 1161 1553 1241; x_wconf 86' lang='lat' dir='ltr'><strong>opiniones</strong></span> 
     </span>
     <span class='ocr_line' id='line_1_8' title="bbox 329 1271 1554 1358; baseline -0.004 -17"><span class='ocrx_word' id='word_1_60' title='bbox 329 1281 475 1354; x_wconf 90' lang='lat' dir='ltr'><strong>tuentur,</strong></span> <span class='ocrx_word' id='word_1_61' title='bbox 503 1295 613 1341; x_wconf 90' lang='lat' dir='ltr'><strong>verum</strong></span> <span class='ocrx_word' id='word_1_62' title='bbox 635 1275 828 1343; x_wconf 87' lang='lat' dir='ltr'><strong>Lachmanni</strong></span> <span class='ocrx_word' id='word_1_63' title='bbox 851 1275 999 1358; x_wconf 89' lang='lat' dir='ltr'><strong>Hauptii,</strong></span> <span class='ocrx_word' id='word_1_64' title='bbox 1028 1272 1176 1352; x_wconf 89' lang='lat' dir='ltr'><strong>Naeckii,</strong></span> <span class='ocrx_word' id='word_1_65' title='bbox 1205 1271 1358 1353; x_wconf 84' lang='lat' dir='ltr'><strong>Koechlyi</strong></span> <span class='ocrx_word' id='word_1_66' title='bbox 1380 1272 1554 1338; x_wconf 88' lang='lat' dir='ltr'><strong>sententias</strong></span> 
     </span>
     <span class='ocr_line' id='line_1_9' title="bbox 327 1380 1555 1468; baseline -0.007 -15"><span class='ocrx_word' id='word_1_67' title='bbox 327 1385 456 1468; x_wconf 86' lang='lat' dir='ltr'><strong>optimis</strong></span> <span class='ocrx_word' id='word_1_68' title='bbox 478 1387 672 1466; x_wconf 85' lang='lat' dir='ltr'><strong>argumentis</strong></span> <span class='ocrx_word' id='word_1_69' title='bbox 695 1385 791 1452; x_wconf 88' lang='lat' dir='ltr'><strong>fultas</strong></span> <span class='ocrx_word' id='word_1_70' title='bbox 812 1389 930 1468; x_wconf 86' lang='lat' dir='ltr'><strong>negant</strong></span> <span class='ocrx_word' id='word_1_71' title='bbox 951 1402 1052 1466; x_wconf 90' lang='lat' dir='ltr'><strong>neque</strong></span> <span class='ocrx_word' id='word_1_72' title='bbox 1076 1385 1115 1450; x_wconf 92' lang='lat' dir='ltr'><strong>de</strong></span> <span class='ocrx_word' id='word_1_73' title='bbox 1137 1383 1202 1449; x_wconf 90' lang='lat' dir='ltr'><strong>suis</strong></span> <span class='ocrx_word' id='word_1_74' title='bbox 1225 1382 1423 1464; x_wconf 88' lang='lat' dir='ltr'><strong>opinionibus</strong></span> <span class='ocrx_word' id='word_1_75' title='bbox 1441 1380 1555 1462; x_wconf 87' lang='lat' dir='ltr'><strong>depelli</strong></span> 
     </span>
     <span class='ocr_line' id='line_1_10' title="bbox 334 1490 1559 1578; baseline -0.004 -19"><span class='ocrx_word' id='word_1_76' title='bbox 334 1499 468 1578; x_wconf 85' lang='lat' dir='ltr'><strong>possunt</strong></span> <span class='ocrx_word' id='word_1_77' title='bbox 481 1496 597 1578; x_wconf 88' lang='lat' dir='ltr'><strong>quippe</strong></span> <span class='ocrx_word' id='word_1_78' title='bbox 611 1496 860 1578; x_wconf 90' lang='lat' dir='ltr'><strong>praeobcupatis.</strong></span> <span class='ocrx_word' id='word_1_79' title='bbox 891 1495 946 1578; x_wconf 90' lang='lat' dir='ltr'><strong>qui</strong></span> <span class='ocrx_word' id='word_1_80' title='bbox 961 1513 1068 1563; x_wconf 90' lang='lat' dir='ltr'><strong>omnes</strong></span> <span class='ocrx_word' id='word_1_81' title='bbox 1083 1513 1154 1561; x_wconf 90' lang='lat' dir='ltr'><strong>cum</strong></span> <span class='ocrx_word' id='word_1_82' title='bbox 1169 1493 1306 1575; x_wconf 90' lang='lat' dir='ltr'><strong>primum</strong></span> <span class='ocrx_word' id='word_1_83' title='bbox 1315 1490 1424 1558; x_wconf 90' lang='lat' dir='ltr'><strong>Iliadis</strong></span> <span class='ocrx_word' id='word_1_84' title='bbox 1435 1490 1559 1568; x_wconf 88' lang='lat' dir='ltr'><strong>librum,</strong></span> 
     </span>
     <span class='ocr_line' id='line_1_11' title="bbox 334 1601 1559 1688; baseline -0.003 -18"><span class='ocrx_word' id='word_1_85' title='bbox 334 1605 436 1685; x_wconf 90' lang='lat' dir='ltr'><strong>qualis</strong></span> <span class='ocrx_word' id='word_1_86' title='bbox 458 1605 491 1669; x_wconf 93' lang='lat' dir='ltr'><strong>in</strong></span> <span class='ocrx_word' id='word_1_87' title='bbox 512 1605 671 1688; x_wconf 87' lang='lat' dir='ltr'><strong>plerisque</strong></span> <span class='ocrx_word' id='word_1_88' title='bbox 693 1611 741 1672; x_wconf 91' lang='lat' dir='ltr'><strong>est</strong></span> <span class='ocrx_word' id='word_1_89' title='bbox 763 1605 965 1684; x_wconf 87' lang='lat' dir='ltr'><strong>editionibus,</strong></span> <span class='ocrx_word' id='word_1_90' title='bbox 994 1604 1131 1686; x_wconf 83' lang='lat' dir='ltr'><strong>exceptis</strong></span> <span class='ocrx_word' id='word_1_91' title='bbox 1152 1602 1295 1686; x_wconf 89' lang='lat' dir='ltr'><strong>pauculis</strong></span> <span class='ocrx_word' id='word_1_92' title='bbox 1316 1603 1459 1667; x_wconf 87' lang='lat' dir='ltr'><strong>versibus</strong></span> <span class='ocrx_word' id='word_1_93' title='bbox 1482 1601 1559 1681; x_wconf 90' lang='lat' dir='ltr'><strong>ipsis</strong></span> 
     </span>
     <span class='ocr_line' id='line_1_12' title="bbox 334 1712 1559 1798; baseline -0.003 -19"><span class='ocrx_word' id='word_1_94' title='bbox 334 1718 463 1796; x_wconf 91' lang='lat' dir='ltr'><strong>propter</strong></span> <span class='ocrx_word' id='word_1_95' title='bbox 485 1719 672 1794; x_wconf 89' lang='lat' dir='ltr'><strong>argumenta</strong></span> <span class='ocrx_word' id='word_1_96' title='bbox 694 1720 822 1780; x_wconf 82' lang='lat' dir='ltr'><strong>externa</strong></span> <span class='ocrx_word' id='word_1_97' title='bbox 845 1715 1020 1798; x_wconf 89' lang='lat' dir='ltr'><strong>subspectis</strong></span> <span class='ocrx_word' id='word_1_98' title='bbox 1042 1733 1140 1780; x_wconf 92' lang='lat' dir='ltr'><strong>unum</strong></span> <span class='ocrx_word' id='word_1_99' title='bbox 1162 1731 1231 1778; x_wconf 91' lang='lat' dir='ltr'><strong>esse</strong></span> <span class='ocrx_word' id='word_1_100' title='bbox 1254 1712 1452 1778; x_wconf 90' lang='lat' dir='ltr'><strong>consentiant</strong></span> <span class='ocrx_word' id='word_1_101' title='bbox 1465 1712 1559 1777; x_wconf 90' lang='lat' dir='ltr'><strong>unius</strong></span> 
     </span>
     <span class='ocr_line' id='line_1_13' title="bbox 334 1823 1558 1906; baseline -0.002 -18"><span class='ocrx_word' id='word_1_102' title='bbox 334 1823 536 1906; x_wconf 89' lang='lat' dir='ltr'><strong>eiusdemque</strong></span> <span class='ocrx_word' id='word_1_103' title='bbox 552 1824 690 1889; x_wconf 88' lang='lat' dir='ltr'><strong>auctoris</strong></span> <span class='ocrx_word' id='word_1_104' title='bbox 705 1843 793 1904; x_wconf 90' lang='lat' dir='ltr'><strong>opus,</strong></span> <span class='ocrx_word' id='word_1_105' title='bbox 810 1824 981 1891; x_wconf 89' lang='lat' dir='ltr'><strong>lectoribus</strong></span> <span class='ocrx_word' id='word_1_106' title='bbox 992 1823 1207 1890; x_wconf 85' lang='lat' dir='ltr'><strong>satisfacturos</strong></span> <span class='ocrx_word' id='word_1_107' title='bbox 1219 1841 1275 1889; x_wconf 94' lang='lat' dir='ltr'><strong>nos</strong></span> <span class='ocrx_word' id='word_1_108' title='bbox 1288 1839 1450 1904; x_wconf 88' lang='lat' dir='ltr'><strong>speramus</strong></span> <span class='ocrx_word' id='word_1_109' title='bbox 1461 1841 1558 1888; x_wconf 92' lang='lat' dir='ltr'><strong>unum</strong></span> 
     </span>
     <span class='ocr_line' id='line_1_14' title="bbox 334 1931 1558 2017; baseline -0.002 -19"><span class='ocrx_word' id='word_1_110' title='bbox 334 1933 432 1998; x_wconf 88' lang='lat' dir='ltr'><strong>exeis</strong></span> <span class='ocrx_word' id='word_1_111' title='bbox 453 1932 528 1998; x_wconf 87' lang='lat' dir='ltr'><strong>viris</strong></span> <span class='ocrx_word' id='word_1_112' title='bbox 549 1934 789 2017; x_wconf 87' lang='lat' dir='ltr'><strong>praeobcupatis</strong></span> <span class='ocrx_word' id='word_1_113' title='bbox 812 1935 1010 2016; x_wconf 89' lang='lat' dir='ltr'><strong>opinionibus</strong></span> <span class='ocrx_word' id='word_1_114' title='bbox 1024 1934 1172 1999; x_wconf 87' lang='lat' dir='ltr'><strong>involutis</strong></span> <span class='ocrx_word' id='word_1_115' title='bbox 1187 1933 1465 1999; x_wconf 85' lang='lat' dir='ltr'><strong>Friedlaenderum</strong></span> <span class='ocrx_word' id='word_1_116' title='bbox 1480 1931 1558 1996; x_wconf 84' lang='lat' dir='ltr'><strong>Gro-</strong></span> 
     </span>
     <span class='ocr_line' id='line_1_15' title="bbox 333 2040 1555 2126; baseline -0.002 -18"><span class='ocrx_word' id='word_1_117' title='bbox 333 2043 454 2108; x_wconf 91' lang='lat' dir='ltr'><strong>tianum</strong></span> <span class='ocrx_word' id='word_1_118' title='bbox 474 2041 663 2109; x_wconf 86' lang='lat' dir='ltr'><strong>refellentes.</strong></span> <span class='ocrx_word' id='word_1_119' title='bbox 697 2044 751 2126; x_wconf 92' lang='lat' dir='ltr'><strong>qui</strong></span> <span class='ocrx_word' id='word_1_120' title='bbox 773 2044 899 2126; x_wconf 89' lang='lat' dir='ltr'><strong>quidem</strong></span> <span class='ocrx_word' id='word_1_121' title='bbox 915 2044 954 2110; x_wconf 92' lang='lat' dir='ltr'><strong>de</strong></span> <span class='ocrx_word' id='word_1_122' title='bbox 969 2044 1077 2109; x_wconf 90' lang='lat' dir='ltr'><strong>Iliadis</strong></span> <span class='ocrx_word' id='word_1_123' title='bbox 1099 2044 1178 2110; x_wconf 89' lang='lat' dir='ltr'><strong>libro</strong></span> <span class='ocrx_word' id='word_1_124' title='bbox 1200 2044 1293 2124; x_wconf 82' lang='lat' dir='ltr'><strong>prImi</strong></span> <span class='ocrx_word' id='word_1_125' title='bbox 1314 2043 1380 2126; x_wconf 89' lang='lat' dir='ltr'><strong>agit</strong></span> <span class='ocrx_word' id='word_1_126' title='bbox 1394 2043 1426 2107; x_wconf 93' lang='lat' dir='ltr'><strong>in</strong></span> <span class='ocrx_word' id='word_1_127' title='bbox 1443 2040 1555 2123; x_wconf 89' lang='lat' dir='ltr'><strong>adpen-</strong></span> 
     </span>
     <span class='ocr_line' id='line_1_16' title="bbox 334 2149 1552 2235; baseline -0.001 -20"><span class='ocrx_word' id='word_1_128' title='bbox 334 2151 403 2217; x_wconf 89' lang='lat' dir='ltr'><strong>dice</strong></span> <span class='ocrx_word' id='word_1_129' title='bbox 424 2152 497 2219; x_wconf 92' lang='lat' dir='ltr'><strong>libri</strong></span> <span class='ocrx_word' id='word_1_130' title='bbox 519 2153 577 2233; x_wconf 91' lang='lat' dir='ltr'><strong>sui,</strong></span> <span class='ocrx_word' id='word_1_131' title='bbox 599 2154 654 2235; x_wconf 90' lang='lat' dir='ltr'><strong>qui</strong></span> <span class='ocrx_word' id='word_1_132' title='bbox 675 2154 874 2220; x_wconf 89' lang='lat' dir='ltr'><strong>inscribitur:</strong></span> <span class='ocrx_word' id='word_1_133' title='bbox 897 2154 948 2220; x_wconf 92' lang='lat' dir='ltr'><strong>die</strong></span> <span class='ocrx_word' id='word_1_134' title='bbox 969 2154 1164 2220; x_wconf 89' lang='lat' dir='ltr'><strong>homerische</strong></span> <span class='ocrx_word' id='word_1_135' title='bbox 1185 2153 1285 2219; x_wconf 91' lang='lat' dir='ltr'><strong>kritik</strong></span> <span class='ocrx_word' id='word_1_136' title='bbox 1306 2170 1367 2218; x_wconf 87' lang='lat' dir='ltr'><strong>ron</strong></span> <span class='ocrx_word' id='word_1_137' title='bbox 1383 2149 1470 2218; x_wconf 85' lang='lat' dir='ltr'><strong>Wolf</strong></span> <span class='ocrx_word' id='word_1_138' title='bbox 1487 2151 1552 2216; x_wconf 85' lang='lat' dir='ltr'><strong>bisz</strong></span> 
     </span>
     <span class='ocr_line' id='line_1_17' title="bbox 334 2261 1555 2347; baseline -0.004 -19"><span class='ocrx_word' id='word_1_139' title='bbox 334 2261 440 2329; x_wconf 83' lang='lat' dir='ltr'><strong>Grote.</strong></span> <span class='ocrx_word' id='word_1_140' title='bbox 471 2281 509 2330; x_wconf 92' lang='lat' dir='ltr'><strong>ac</strong></span> <span class='ocrx_word' id='word_1_141' title='bbox 530 2264 665 2347; x_wconf 91' lang='lat' dir='ltr'><strong>primum</strong></span> <span class='ocrx_word' id='word_1_142' title='bbox 686 2263 812 2346; x_wconf 92' lang='lat' dir='ltr'><strong>quidem</strong></span> <span class='ocrx_word' id='word_1_143' title='bbox 834 2264 887 2329; x_wconf 91' lang='lat' dir='ltr'><strong>ille</strong></span> <span class='ocrx_word' id='word_1_144' title='bbox 909 2263 951 2343; x_wconf 89' lang='lat' dir='ltr'><strong>id,</strong></span> <span class='ocrx_word' id='word_1_145' title='bbox 973 2263 1058 2344; x_wconf 92' lang='lat' dir='ltr'><strong>quod</strong></span> <span class='ocrx_word' id='word_1_146' title='bbox 1079 2264 1185 2329; x_wconf 91' lang='lat' dir='ltr'><strong>multis</strong></span> <span class='ocrx_word' id='word_1_147' title='bbox 1208 2262 1322 2328; x_wconf 90' lang='lat' dir='ltr'><strong>studiis</strong></span> <span class='ocrx_word' id='word_1_148' title='bbox 1338 2261 1555 2328; x_wconf 91' lang='lat' dir='ltr'><strong>Lachmannus</strong></span> 
     </span>
     <span class='ocr_line' id='line_1_18' title="bbox 333 2370 1557 2456; baseline -0.005 -16"><span class='ocrx_word' id='word_1_149' title='bbox 333 2378 519 2440; x_wconf 88' lang='lat' dir='ltr'><strong>consecutus</strong></span> <span class='ocrx_word' id='word_1_150' title='bbox 535 2377 593 2454; x_wconf 90' lang='lat' dir='ltr'><strong>est,</strong></span> <span class='ocrx_word' id='word_1_151' title='bbox 615 2374 723 2454; x_wconf 90' lang='lat' dir='ltr'><strong>paucis</strong></span> <span class='ocrx_word' id='word_1_152' title='bbox 739 2373 924 2455; x_wconf 86' lang='lat' dir='ltr'><strong>conprendit</strong></span> <span class='ocrx_word' id='word_1_153' title='bbox 940 2375 1044 2439; x_wconf 88' lang='lat' dir='ltr'><strong>verbis</strong></span> <span class='ocrx_word' id='word_1_154' title='bbox 1059 2373 1244 2456; x_wconf 91' lang='lat' dir='ltr'><strong>plerumque</strong></span> <span class='ocrx_word' id='word_1_155' title='bbox 1262 2389 1339 2438; x_wconf 89' lang='lat' dir='ltr'><strong>usus</strong></span> <span class='ocrx_word' id='word_1_156' title='bbox 1354 2370 1557 2448; x_wconf 88' lang='lat' dir='ltr'><strong>Lachmanni,</strong></span> 
     </span>
     <span class='ocr_line' id='line_1_19' title="bbox 332 2482 1558 2565; baseline -0.003 -17"><span class='ocrx_word' id='word_1_157' title='bbox 332 2487 401 2548; x_wconf 89' lang='lat' dir='ltr'><strong>tum</strong></span> <span class='ocrx_word' id='word_1_158' title='bbox 434 2483 475 2548; x_wconf 90' lang='lat' dir='ltr'><strong>ed</strong></span> <span class='ocrx_word' id='word_1_159' title='bbox 507 2482 707 2549; x_wconf 88' lang='lat' dir='ltr'><strong>refutandum</strong></span> <span class='ocrx_word' id='word_1_160' title='bbox 742 2483 877 2549; x_wconf 89' lang='lat' dir='ltr'><strong>adcedit.</strong></span> <span class='ocrx_word' id='word_1_161' title='bbox 917 2501 954 2548; x_wconf 92' lang='lat' dir='ltr'><strong>ac</strong></span> <span class='ocrx_word' id='word_1_162' title='bbox 983 2484 1118 2563; x_wconf 91' lang='lat' dir='ltr'><strong>primum</strong></span> <span class='ocrx_word' id='word_1_163' title='bbox 1146 2482 1270 2565; x_wconf 90' lang='lat' dir='ltr'><strong>quidem</strong></span> <span class='ocrx_word' id='word_1_164' title='bbox 1301 2482 1433 2548; x_wconf 90' lang='lat' dir='ltr'><strong>alteram</strong></span> <span class='ocrx_word' id='word_1_165' title='bbox 1463 2498 1558 2562; x_wconf 91' lang='lat' dir='ltr'><strong>quam</strong></span> 
     </span>
    </p>
   </div>
   <div class='ocr_carea' id='block_1_3' title="bbox 213 2581 1557 2672">
    <p class='ocr_par' dir='ltr' id='par_1_3' title="bbox 213 2581 1557 2672">
     <span class='ocr_line' id='line_1_20' title="bbox 213 2581 1557 2672; baseline -0.001 -15"><span class='ocrx_word' id='word_1_166' title='bbox 213 2581 217 2604; x_wconf 77' lang='grc'><strong>“</strong></span> <span class='ocrx_word' id='word_1_167' title='bbox 332 2592 551 2659; x_wconf 86' lang='lat' dir='ltr'><strong>Lachmannus</strong></span> <span class='ocrx_word' id='word_1_168' title='bbox 581 2594 746 2672; x_wconf 87' lang='lat' dir='ltr'><strong>exprimo</strong></span> <span class='ocrx_word' id='word_1_169' title='bbox 775 2593 855 2659; x_wconf 91' lang='lat' dir='ltr'><strong>libro</strong></span> <span class='ocrx_word' id='word_1_170' title='bbox 886 2594 1025 2660; x_wconf 86' lang='lat' dir='ltr'><strong>exsecuit</strong></span> <span class='ocrx_word' id='word_1_171' title='bbox 1054 2593 1319 2659; x_wconf 81' lang='lat' dir='ltr'><strong>continuationem</strong></span> <span class='ocrx_word' id='word_1_172' title='bbox 1346 2610 1410 2657; x_wconf 94' lang='lat' dir='ltr'><strong>non</strong></span> <span class='ocrx_word' id='word_1_173' title='bbox 1432 2609 1452 2655; x_wconf 91' lang='lat' dir='ltr'><strong>a</strong></span> <span class='ocrx_word' id='word_1_174' title='bbox 1474 2590 1557 2671; x_wconf 91' lang='lat' dir='ltr'><strong>prin·</strong></span> 
     </span>
    </p>
   </div>
   <div class='ocr_carea' id='block_1_4' title="bbox 327 2700 1558 4545">
    <p class='ocr_par' dir='ltr' id='par_1_4' title="bbox 327 2700 1558 4545">
     <span class='ocr_line' id='line_1_21' title="bbox 333 2700 1558 2784; baseline -0.002 -16"><span class='ocrx_word' id='word_1_175' title='bbox 333 2703 413 2784; x_wconf 93' lang='lat' dir='ltr'><strong>cipio</strong></span> <span class='ocrx_word' id='word_1_176' title='bbox 434 2703 467 2768; x_wconf 93' lang='lat' dir='ltr'><strong>in</strong></span> <span class='ocrx_word' id='word_1_177' title='bbox 489 2701 568 2768; x_wconf 91' lang='lat' dir='ltr'><strong>duas</strong></span> <span class='ocrx_word' id='word_1_178' title='bbox 589 2707 696 2784; x_wconf 87' lang='lat' dir='ltr'><strong>partes</strong></span> <span class='ocrx_word' id='word_1_179' title='bbox 717 2702 865 2767; x_wconf 86' lang='lat' dir='ltr'><strong>discisam</strong></span> <span class='ocrx_word' id='word_1_180' title='bbox 886 2705 919 2767; x_wconf 92' lang='lat' dir='ltr'><strong>et</strong></span> <span class='ocrx_word' id='word_1_181' title='bbox 934 2703 1097 2768; x_wconf 91' lang='lat' dir='ltr'><strong>interiecta</strong></span> <span class='ocrx_word' id='word_1_182' title='bbox 1115 2702 1217 2784; x_wconf 89' lang='lat' dir='ltr'><strong>prima</strong></span> <span class='ocrx_word' id='word_1_183' title='bbox 1234 2703 1442 2783; x_wconf 86' lang='lat' dir='ltr'><strong>interruptam</strong></span> <span class='ocrx_word' id='word_1_184' title='bbox 1459 2700 1558 2766; x_wconf 91' lang='lat' dir='ltr'><strong>fuisse</strong></span> 
     </span>
     <span class='ocr_line' id='line_1_22' title="bbox 333 2811 1557 2892; baseline 0 -15"><span class='ocrx_word' id='word_1_185' title='bbox 333 2818 365 2877; x_wconf 88' lang='lat' dir='ltr'><strong>ct</strong></span> <span class='ocrx_word' id='word_1_186' title='bbox 392 2831 462 2876; x_wconf 93' lang='lat' dir='ltr'><strong>cum</strong></span> <span class='ocrx_word' id='word_1_187' title='bbox 492 2814 593 2892; x_wconf 88' lang='lat' dir='ltr'><strong>prima</strong></span> <span class='ocrx_word' id='word_1_188' title='bbox 621 2811 703 2878; x_wconf 89' lang='lat' dir='ltr'><strong>male</strong></span> <span class='ocrx_word' id='word_1_189' title='bbox 733 2831 881 2878; x_wconf 85' lang='lat' dir='ltr'><strong>conexam</strong></span> <span class='ocrx_word' id='word_1_190' title='bbox 902 2830 974 2877; x_wconf 89' lang='lat' dir='ltr'><strong>esse</strong></span> <span class='ocrx_word' id='word_1_191' title='bbox 995 2813 1231 2880; x_wconf 91' lang='lat' dir='ltr'><strong>Lachmannum</strong></span> <span class='ocrx_word' id='word_1_192' title='bbox 1253 2812 1326 2878; x_wconf 92' lang='lat' dir='ltr'><strong>inde</strong></span> <span class='ocrx_word' id='word_1_193' title='bbox 1348 2814 1491 2879; x_wconf 85' lang='lat' dir='ltr'><strong>euincere</strong></span> <span class='ocrx_word' id='word_1_194' title='bbox 1513 2813 1557 2879; x_wconf 91' lang='lat' dir='ltr'><strong>vi-</strong></span> 
     </span>
     <span class='ocr_line' id='line_1_23' title="bbox 333 2922 1558 3006; baseline 0 -19"><span class='ocrx_word' id='word_1_195' title='bbox 333 2922 451 3003; x_wconf 90' lang='lat' dir='ltr'><strong>dimus,</strong></span> <span class='ocrx_word' id='word_1_196' title='bbox 480 2922 566 3005; x_wconf 89' lang='lat' dir='ltr'><strong>quod</strong></span> <span class='ocrx_word' id='word_1_197' title='bbox 593 2922 780 3004; x_wconf 87' lang='lat' dir='ltr'><strong>interposita</strong></span> <span class='ocrx_word' id='word_1_198' title='bbox 810 2923 892 2988; x_wconf 92' lang='lat' dir='ltr'><strong>inter</strong></span> <span class='ocrx_word' id='word_1_199' title='bbox 921 2923 1000 2989; x_wconf 90' lang='lat' dir='ltr'><strong>duas</strong></span> <span class='ocrx_word' id='word_1_200' title='bbox 1023 2924 1153 2990; x_wconf 89' lang='lat' dir='ltr'><strong>alterius</strong></span> <span class='ocrx_word' id='word_1_201' title='bbox 1174 2929 1281 3006; x_wconf 89' lang='lat' dir='ltr'><strong>partes</strong></span> <span class='ocrx_word' id='word_1_202' title='bbox 1304 2943 1342 2990; x_wconf 89' lang='lat' dir='ltr'><strong>ea</strong></span> <span class='ocrx_word' id='word_1_203' title='bbox 1363 2923 1465 3004; x_wconf 92' lang='lat' dir='ltr'><strong>prima</strong></span> <span class='ocrx_word' id='word_1_204' title='bbox 1486 2939 1558 2988; x_wconf 92' lang='lat' dir='ltr'><strong>con·</strong></span> 
     </span>
     <span class='ocr_line' id='line_1_24' title="bbox 332 3032 1556 3118; baseline -0.002 -20"><span class='ocrx_word' id='word_1_205' title='bbox 332 3033 508 3098; x_wconf 87' lang='lat' dir='ltr'><strong>tinuatione</strong></span> <span class='ocrx_word' id='word_1_206' title='bbox 529 3052 592 3099; x_wconf 94' lang='lat' dir='ltr'><strong>non</strong></span> <span class='ocrx_word' id='word_1_207' title='bbox 614 3033 666 3114; x_wconf 93' lang='lat' dir='ltr'><strong>sit,</strong></span> <span class='ocrx_word' id='word_1_208' title='bbox 689 3049 751 3113; x_wconf 88' lang='lat' dir='ltr'><strong>quo</strong></span> <span class='ocrx_word' id='word_1_209' title='bbox 773 3032 892 3100; x_wconf 86' lang='lat' dir='ltr'><strong>referas</strong></span> <span class='ocrx_word' id='word_1_210' title='bbox 914 3032 950 3096; x_wconf 81' lang='grc' dir='ltr'><strong>ἐκ</strong></span> <span class='ocrx_word' id='word_1_211' title='bbox 970 3037 1035 3098; x_wconf 81' lang='grc' dir='ltr'><em>τοῖο</em></span> <span class='ocrx_word' id='word_1_212' title='bbox 1058 3034 1145 3116; x_wconf 90' lang='lat' dir='ltr'><strong>illud,</strong></span> <span class='ocrx_word' id='word_1_213' title='bbox 1170 3035 1255 3118; x_wconf 91' lang='lat' dir='ltr'><strong>quod</strong></span> <span class='ocrx_word' id='word_1_214' title='bbox 1277 3039 1326 3100; x_wconf 93' lang='lat' dir='ltr'><strong>est</strong></span> <span class='ocrx_word' id='word_1_215' title='bbox 1340 3035 1373 3100; x_wconf 93' lang='lat' dir='ltr'><strong>in</strong></span> <span class='ocrx_word' id='word_1_216' title='bbox 1387 3051 1481 3099; x_wconf 90' lang='lat' dir='ltr'><strong>versu</strong></span> <span class='ocrx_word' id='word_1_217' title='bbox 1493 3037 1556 3098; x_wconf 84' lang='lat'><strong>493</strong></span> 
     </span>
     <span class='ocr_line' id='line_1_25' title="bbox 333 3143 1557 3227; baseline 0 -19"><span class='ocrx_word' id='word_1_218' title='bbox 333 3143 480 3226; x_wconf 90' lang='lat' dir='ltr'><strong>quodque</strong></span> <span class='ocrx_word' id='word_1_219' title='bbox 508 3147 617 3224; x_wconf 87' lang='lat' dir='ltr'><strong>aperte</strong></span> <span class='ocrx_word' id='word_1_220' title='bbox 646 3149 769 3209; x_wconf 88' lang='lat' dir='ltr'><strong>constat</strong></span> <span class='ocrx_word' id='word_1_221' title='bbox 798 3143 878 3210; x_wconf 89' lang='lat' dir='ltr'><strong>velie</strong></span> <span class='ocrx_word' id='word_1_222' title='bbox 901 3150 1060 3210; x_wconf 88' lang='lat' dir='ltr'><strong>auctorem</strong></span> <span class='ocrx_word' id='word_1_223' title='bbox 1082 3163 1231 3211; x_wconf 86' lang='lat' dir='ltr'><strong>versuum</strong></span> <span class='ocrx_word' id='word_1_224' title='bbox 1250 3150 1312 3209; x_wconf 86' lang='grc'><strong>493</strong></span> <span class='ocrx_word' id='word_1_225' title='bbox 1330 3161 1397 3227; x_wconf 86' lang='lat' dir='ltr'><strong>sqq.</strong></span> <span class='ocrx_word' id='word_1_226' title='bbox 1421 3143 1557 3209; x_wconf 90' lang='lat' dir='ltr'><strong>relatum</strong></span> 
     </span>
     <span class='ocr_line' id='line_1_26' title="bbox 332 3252 1556 3336; baseline 0.001 -19"><span class='ocrx_word' id='word_1_227' title='bbox 332 3252 373 3317; x_wconf 91' lang='lat' dir='ltr'><strong>ad</strong></span> <span class='ocrx_word' id='word_1_228' title='bbox 402 3253 505 3334; x_wconf 90' lang='lat' dir='ltr'><strong>ipsum</strong></span> <span class='ocrx_word' id='word_1_229' title='bbox 534 3252 689 3334; x_wconf 91' lang='lat' dir='ltr'><strong>conloquii</strong></span> <span class='ocrx_word' id='word_1_230' title='bbox 718 3253 799 3319; x_wconf 90' lang='lat' dir='ltr'><strong>inter</strong></span> <span class='ocrx_word' id='word_1_231' title='bbox 820 3253 970 3320; x_wconf 84' lang='lat' dir='ltr'><strong>Achillem</strong></span> <span class='ocrx_word' id='word_1_232' title='bbox 993 3255 1222 3336; x_wconf 85' lang='lat' dir='ltr'><strong>Thetidemque</strong></span> <span class='ocrx_word' id='word_1_233' title='bbox 1250 3255 1351 3320; x_wconf 89' lang='lat' dir='ltr'><strong>habiti</strong></span> <span class='ocrx_word' id='word_1_234' title='bbox 1374 3253 1465 3319; x_wconf 91' lang='lat' dir='ltr'><strong>diem.</strong></span> <span class='ocrx_word' id='word_1_235' title='bbox 1500 3252 1556 3318; x_wconf 90' lang='lat' dir='ltr'><strong>sed</strong></span> 
     </span>
     <span class='ocr_line' id='line_1_27' title="bbox 331 3360 1555 3445; baseline 0.002 -19"><span class='ocrx_word' id='word_1_236' title='bbox 331 3361 405 3428; x_wconf 92' lang='lat' dir='ltr'><strong>illuc</strong></span> <span class='ocrx_word' id='word_1_237' title='bbox 426 3360 538 3427; x_wconf 91' lang='lat' dir='ltr'><strong>referri</strong></span> <span class='ocrx_word' id='word_1_238' title='bbox 560 3360 595 3424; x_wconf 81' lang='grc' dir='ltr'><strong>ἐκ</strong></span> <span class='ocrx_word' id='word_1_239' title='bbox 617 3365 681 3425; x_wconf 81' lang='grc' dir='ltr'><strong><em>τοῖο</em></strong></span> <span class='ocrx_word' id='word_1_240' title='bbox 703 3362 790 3442; x_wconf 90' lang='lat' dir='ltr'><strong>illud,</strong></span> <span class='ocrx_word' id='word_1_241' title='bbox 814 3365 841 3428; x_wconf 93' lang='lat' dir='ltr'><strong>si</strong></span> <span class='ocrx_word' id='word_1_242' title='bbox 863 3381 1012 3444; x_wconf 90' lang='lat' dir='ltr'><strong>praesens</strong></span> <span class='ocrx_word' id='word_1_243' title='bbox 1035 3370 1180 3430; x_wconf 87' lang='lat' dir='ltr'><strong>servatur</strong></span> <span class='ocrx_word' id='word_1_244' title='bbox 1195 3384 1342 3445; x_wconf 87' lang='lat' dir='ltr'><strong>conexus,</strong></span> <span class='ocrx_word' id='word_1_245' title='bbox 1364 3364 1427 3431; x_wconf 83' lang='lat' dir='ltr'><strong>no&#39;n</strong></span> <span class='ocrx_word' id='word_1_246' title='bbox 1441 3367 1555 3445; x_wconf 88' lang='lat' dir='ltr'><strong>potest,</strong></span> 
     </span>
     <span class='ocr_line' id='line_1_28' title="bbox 330 3472 1556 3558; baseline 0 -22"><span class='ocrx_word' id='word_1_247' title='bbox 330 3489 400 3537; x_wconf 92' lang='lat' dir='ltr'><strong>cum</strong></span> <span class='ocrx_word' id='word_1_248' title='bbox 428 3490 490 3538; x_wconf 91' lang='lat' dir='ltr'><strong>non</strong></span> <span class='ocrx_word' id='word_1_249' title='bbox 518 3473 610 3538; x_wconf 91' lang='lat' dir='ltr'><strong>modo</strong></span> <span class='ocrx_word' id='word_1_250' title='bbox 640 3474 812 3540; x_wconf 90' lang='lat' dir='ltr'><strong>secundum</strong></span> <span class='ocrx_word' id='word_1_251' title='bbox 835 3474 1043 3540; x_wconf 71' lang='lat' dir='ltr'><strong>hess-92</strong></span> <span class='ocrx_word' id='word_1_252' title='bbox 1071 3480 1145 3558; x_wconf 91' lang='lat' dir='ltr'><strong>post</strong></span> <span class='ocrx_word' id='word_1_253' title='bbox 1166 3475 1323 3542; x_wconf 91' lang='lat' dir='ltr'><strong>concionis</strong></span> <span class='ocrx_word' id='word_1_254' title='bbox 1347 3479 1379 3540; x_wconf 92' lang='lat' dir='ltr'><strong>et</strong></span> <span class='ocrx_word' id='word_1_255' title='bbox 1401 3472 1556 3553; x_wconf 90' lang='lat' dir='ltr'><strong>conloquii</strong></span> 
     </span>
     <span class='ocr_line' id='line_1_29' title="bbox 332 3581 1557 3666; baseline 0.001 -20"><span class='ocrx_word' id='word_1_256' title='bbox 332 3581 417 3647; x_wconf 91' lang='lat' dir='ltr'><strong>diem</strong></span> <span class='ocrx_word' id='word_1_257' title='bbox 430 3581 537 3665; x_wconf 92' lang='lat' dir='ltr'><strong>plures</strong></span> <span class='ocrx_word' id='word_1_258' title='bbox 554 3581 622 3648; x_wconf 87' lang='lat' dir='ltr'><strong>dies</strong></span> <span class='ocrx_word' id='word_1_259' title='bbox 636 3583 867 3665; x_wconf 86' lang='lat' dir='ltr'><strong>praeterierint,</strong></span> <span class='ocrx_word' id='word_1_260' title='bbox 891 3584 1004 3665; x_wconf 93' lang='lat' dir='ltr'><strong>quibus</strong></span> <span class='ocrx_word' id='word_1_261' title='bbox 1020 3603 1102 3666; x_wconf 90' lang='lat' dir='ltr'><strong>quae</strong></span> <span class='ocrx_word' id='word_1_262' title='bbox 1117 3585 1180 3650; x_wconf 89' lang='lat' dir='ltr'><strong>illis</strong></span> <span class='ocrx_word' id='word_1_263' title='bbox 1195 3585 1338 3651; x_wconf 88' lang='lat' dir='ltr'><strong>versibus</strong></span> <span class='ocrx_word' id='word_1_264' title='bbox 1352 3585 1460 3649; x_wconf 93' lang='lat' dir='ltr'><strong>insunt</strong></span> <span class='ocrx_word' id='word_1_265' title='bbox 1473 3583 1557 3648; x_wconf 90' lang='lat' dir='ltr'><strong>facta</strong></span> 
     </span>
     <span class='ocr_line' id='line_1_30' title="bbox 330 3691 1558 3778; baseline 0.001 -21"><span class='ocrx_word' id='word_1_266' title='bbox 330 3709 367 3757; x_wconf 93' lang='lat' dir='ltr'><strong>ea</strong></span> <span class='ocrx_word' id='word_1_267' title='bbox 389 3696 480 3772; x_wconf 89' lang='lat' dir='ltr'><strong>sunt,</strong></span> <span class='ocrx_word' id='word_1_268' title='bbox 503 3691 575 3772; x_wconf 91' lang='lat' dir='ltr'><strong>sed,</strong></span> <span class='ocrx_word' id='word_1_269' title='bbox 596 3691 670 3758; x_wconf 91' lang='lat' dir='ltr'><strong>licet</strong></span> <span class='ocrx_word' id='word_1_270' title='bbox 692 3711 762 3758; x_wconf 91' lang='lat' dir='ltr'><strong>cum</strong></span> <span class='ocrx_word' id='word_1_271' title='bbox 785 3694 943 3761; x_wconf 86' lang='lat' dir='ltr'><strong>Zenodoto</strong></span> <span class='ocrx_word' id='word_1_272' title='bbox 965 3695 1105 3778; x_wconf 87' lang='lat' dir='ltr'><strong>quinque</strong></span> <span class='ocrx_word' id='word_1_273' title='bbox 1128 3712 1181 3763; x_wconf 90' lang='lat' dir='ltr'><strong>eos</strong></span> <span class='ocrx_word' id='word_1_274' title='bbox 1204 3713 1327 3775; x_wconf 87' lang='lat' dir='ltr'><strong>versus,</strong></span> <span class='ocrx_word' id='word_1_275' title='bbox 1350 3695 1464 3776; x_wconf 88' lang='lat' dir='ltr'><strong>quibus</strong></span> <span class='ocrx_word' id='word_1_276' title='bbox 1485 3711 1558 3758; x_wconf 92' lang='lat' dir='ltr'><strong>nar-</strong></span> 
     </span>
     <span class='ocr_line' id='line_1_31' title="bbox 330 3800 1558 3888; baseline 0.002 -23"><span class='ocrx_word' id='word_1_277' title='bbox 330 3805 430 3881; x_wconf 90' lang='lat' dir='ltr'><strong>ratur,</strong></span> <span class='ocrx_word' id='word_1_278' title='bbox 452 3803 506 3882; x_wconf 92' lang='lat' dir='ltr'><strong>qui</strong></span> <span class='ocrx_word' id='word_1_279' title='bbox 528 3800 601 3867; x_wconf 91' lang='lat' dir='ltr'><strong>inde</strong></span> <span class='ocrx_word' id='word_1_280' title='bbox 623 3822 643 3869; x_wconf 91' lang='lat' dir='ltr'><strong>a</strong></span> <span class='ocrx_word' id='word_1_281' title='bbox 663 3803 751 3868; x_wconf 87' lang='lat' dir='ltr'><strong>rixae</strong></span> <span class='ocrx_word' id='word_1_282' title='bbox 773 3802 824 3869; x_wconf 93' lang='lat' dir='ltr'><strong>die</strong></span> <span class='ocrx_word' id='word_1_283' title='bbox 840 3804 942 3886; x_wconf 92' lang='lat' dir='ltr'><strong>primo</strong></span> <span class='ocrx_word' id='word_1_284' title='bbox 957 3805 1113 3888; x_wconf 87' lang='lat' dir='ltr'><strong>usquead</strong></span> <span class='ocrx_word' id='word_1_285' title='bbox 1129 3805 1283 3872; x_wconf 92' lang='lat' dir='ltr'><strong>decimum</strong></span> <span class='ocrx_word' id='word_1_286' title='bbox 1299 3809 1331 3869; x_wconf 90' lang='lat' dir='ltr'><strong>et</strong></span> <span class='ocrx_word' id='word_1_287' title='bbox 1347 3810 1470 3870; x_wconf 84' lang='lat' dir='ltr'><strong>sextum</strong></span> <span class='ocrx_word' id='word_1_288' title='bbox 1484 3807 1558 3885; x_wconf 91' lang='lat' dir='ltr'><strong>post</strong></span> 
     </span>
     <span class='ocr_line' id='line_1_32' title="bbox 327 3909 1554 3998; baseline 0.002 -24"><span class='ocrx_word' id='word_1_289' title='bbox 327 3909 438 3975; x_wconf 92' lang='lat' dir='ltr'><strong>initam</strong></span> <span class='ocrx_word' id='word_1_290' title='bbox 452 3911 553 3976; x_wconf 84' lang='lat' dir='ltr'><strong>rixam</strong></span> <span class='ocrx_word' id='word_1_291' title='bbox 571 3912 654 3977; x_wconf 92' lang='lat' dir='ltr'><strong>diem</strong></span> <span class='ocrx_word' id='word_1_292' title='bbox 669 3931 704 3978; x_wconf 91' lang='lat' dir='ltr'><strong>se</strong></span> <span class='ocrx_word' id='word_1_293' title='bbox 715 3913 853 3979; x_wconf 90' lang='lat' dir='ltr'><strong>Achilles</strong></span> <span class='ocrx_word' id='word_1_294' title='bbox 869 3916 1010 3998; x_wconf 84' lang='lat' dir='ltr'><strong>gesserit,</strong></span> <span class='ocrx_word' id='word_1_295' title='bbox 1031 3916 1189 3995; x_wconf 88' lang='lat' dir='ltr'><strong>eiciamus,</strong></span> <span class='ocrx_word' id='word_1_296' title='bbox 1212 3914 1383 3981; x_wconf 88' lang='lat' dir='ltr'><strong>secundum</strong></span> <span class='ocrx_word' id='word_1_297' title='bbox 1398 3915 1533 3978; x_wconf 71' lang='lat' dir='ltr'><strong>hers-7</strong></span> <span class='ocrx_word' id='word_1_298' title='bbox 1537 3919 1554 3977; x_wconf 82' lang='grc'><strong>7</strong></span> 
     </span>
     <span class='ocr_line' id='line_1_33' title="bbox 328 4021 1557 4107; baseline 0.002 -21"><span class='ocrx_word' id='word_1_299' title='bbox 328 4021 412 4100; x_wconf 74' lang='lat' dir='ltr'><strong>dim,</strong></span> <span class='ocrx_word' id='word_1_300' title='bbox 441 4039 503 4103; x_wconf 88' lang='lat' dir='ltr'><strong>quo</strong></span> <span class='ocrx_word' id='word_1_301' title='bbox 532 4022 704 4087; x_wconf 88' lang='lat' dir='ltr'><strong>secundum</strong></span> <span class='ocrx_word' id='word_1_302' title='bbox 733 4028 873 4089; x_wconf 88' lang='lat' dir='ltr'><strong>nostram</strong></span> <span class='ocrx_word' id='word_1_303' title='bbox 896 4026 1004 4090; x_wconf 87' lang='lat' dir='ltr'><strong>Iliadis</strong></span> <span class='ocrx_word' id='word_1_304' title='bbox 1026 4043 1198 4107; x_wconf 84' lang='lat' dir='ltr'><strong>compagem</strong></span> <span class='ocrx_word' id='word_1_305' title='bbox 1220 4024 1326 4090; x_wconf 85' lang='lat' dir='ltr'><strong>concio</strong></span> <span class='ocrx_word' id='word_1_306' title='bbox 1348 4023 1464 4104; x_wconf 89' lang='lat' dir='ltr'><strong>habita,</strong></span> <span class='ocrx_word' id='word_1_307' title='bbox 1488 4023 1557 4088; x_wconf 87' lang='lat' dir='ltr'><strong>rixa</strong></span> 
     </span>
     <span class='ocr_line' id='line_1_34' title="bbox 329 4128 1556 4216; baseline 0.003 -22"><span class='ocrx_word' id='word_1_308' title='bbox 329 4130 418 4211; x_wconf 90' lang='lat' dir='ltr'><strong>inita,</strong></span> <span class='ocrx_word' id='word_1_309' title='bbox 440 4129 639 4212; x_wconf 93' lang='lat' dir='ltr'><strong>conloquium</strong></span> <span class='ocrx_word' id='word_1_310' title='bbox 661 4128 778 4196; x_wconf 89' lang='lat' dir='ltr'><strong>factum</strong></span> <span class='ocrx_word' id='word_1_311' title='bbox 802 4139 851 4198; x_wconf 90' lang='lat' dir='ltr'><strong>est</strong></span> <span class='ocrx_word' id='word_1_312' title='bbox 873 4138 906 4198; x_wconf 92' lang='lat' dir='ltr'><strong>et</strong></span> <span class='ocrx_word' id='word_1_313' title='bbox 927 4133 999 4198; x_wconf 93' lang='lat' dir='ltr'><strong>inde</strong></span> <span class='ocrx_word' id='word_1_314' title='bbox 1021 4152 1041 4197; x_wconf 91' lang='lat' dir='ltr'><strong>a</strong></span> <span class='ocrx_word' id='word_1_315' title='bbox 1062 4152 1124 4216; x_wconf 91' lang='lat' dir='ltr'><strong>quo</strong></span> <span class='ocrx_word' id='word_1_316' title='bbox 1140 4134 1208 4199; x_wconf 91' lang='lat' dir='ltr'><strong>dies</strong></span> <span class='ocrx_word' id='word_1_317' title='bbox 1231 4132 1433 4199; x_wconf 92' lang='lat' dir='ltr'><strong>duodecimus</strong></span> <span class='ocrx_word' id='word_1_318' title='bbox 1449 4151 1556 4198; x_wconf 90' lang='lat' dir='ltr'><strong>nume·</strong></span> 
     </span>
     <span class='ocr_line' id='line_1_35' title="bbox 328 4239 1556 4323; baseline 0.002 -18"><span class='ocrx_word' id='word_1_319' title='bbox 328 4239 447 4305; x_wconf 89' lang='lat' dir='ltr'><strong>raudus</strong></span> <span class='ocrx_word' id='word_1_320' title='bbox 464 4244 522 4321; x_wconf 90' lang='lat' dir='ltr'><strong>est,</strong></span> <span class='ocrx_word' id='word_1_321' title='bbox 545 4244 616 4305; x_wconf 91' lang='lat' dir='ltr'><strong>orta</strong></span> <span class='ocrx_word' id='word_1_322' title='bbox 630 4246 723 4306; x_wconf 91' lang='lat' dir='ltr'><strong>nocte</strong></span> <span class='ocrx_word' id='word_1_323' title='bbox 737 4241 892 4306; x_wconf 90' lang='lat' dir='ltr'><strong>interierit</strong></span> <span class='ocrx_word' id='word_1_324' title='bbox 909 4247 941 4307; x_wconf 92' lang='lat' dir='ltr'><strong>et</strong></span> <span class='ocrx_word' id='word_1_325' title='bbox 955 4242 1095 4323; x_wconf 89' lang='lat' dir='ltr'><strong>perfecta</strong></span> <span class='ocrx_word' id='word_1_326' title='bbox 1109 4249 1201 4310; x_wconf 90' lang='lat' dir='ltr'><strong>nocte</strong></span> <span class='ocrx_word' id='word_1_327' title='bbox 1215 4261 1297 4308; x_wconf 87' lang='lat' dir='ltr'><strong>nova</strong></span> <span class='ocrx_word' id='word_1_328' title='bbox 1311 4242 1365 4308; x_wconf 88' lang='lat' dir='ltr'><strong>lux</strong></span> <span class='ocrx_word' id='word_1_329' title='bbox 1380 4243 1401 4309; x_wconf 90' lang='lat' dir='ltr'><strong>i.</strong></span> <span class='ocrx_word' id='word_1_330' title='bbox 1414 4262 1440 4308; x_wconf 89' lang='lat' dir='ltr'><strong>e.</strong></span> <span class='ocrx_word' id='word_1_331' title='bbox 1456 4261 1556 4309; x_wconf 86' lang='lat' dir='ltr'><strong>novus</strong></span> 
     </span>
     <span class='ocr_line' id='line_1_36' title="bbox 329 4351 1558 4434; baseline 0.001 -18"><span class='ocrx_word' id='word_1_332' title='bbox 329 4352 396 4417; x_wconf 92' lang='lat' dir='ltr'><strong>dies</strong></span> <span class='ocrx_word' id='word_1_333' title='bbox 424 4351 616 4434; x_wconf 90' lang='lat' dir='ltr'><strong>adparuerit.</strong></span> <span class='ocrx_word' id='word_1_334' title='bbox 655 4370 737 4433; x_wconf 91' lang='lat' dir='ltr'><strong>quae</strong></span> <span class='ocrx_word' id='word_1_335' title='bbox 766 4352 891 4419; x_wconf 91' lang='lat' dir='ltr'><strong>docenti</strong></span> <span class='ocrx_word' id='word_1_336' title='bbox 912 4354 1112 4420; x_wconf 92' lang='lat' dir='ltr'><strong>Lachmanno</strong></span> <span class='ocrx_word' id='word_1_337' title='bbox 1140 4361 1172 4421; x_wconf 91' lang='lat' dir='ltr'><strong>et</strong></span> <span class='ocrx_word' id='word_1_338' title='bbox 1198 4356 1244 4421; x_wconf 90' lang='lat' dir='ltr'><strong>ita</strong></span> <span class='ocrx_word' id='word_1_339' title='bbox 1270 4354 1403 4422; x_wconf 90' lang='lat' dir='ltr'><strong>dicenti:</strong></span> <span class='ocrx_word' id='word_1_340' title='bbox 1434 4355 1500 4419; x_wconf 91' lang='lat' dir='ltr'><strong>dies</strong></span> <span class='ocrx_word' id='word_1_341' title='bbox 1523 4353 1558 4416; x_wconf 85' lang='grc' dir='ltr'><strong>ἐκ</strong></span> 
     </span>
     <span class='ocr_line' id='line_1_37' title="bbox 330 4460 1556 4545; baseline 0.002 -21"><span class='ocrx_word' id='word_1_342' title='bbox 330 4463 394 4525; x_wconf 76' lang='grc' dir='ltr'><em>τοῖο</em></span> <span class='ocrx_word' id='word_1_343' title='bbox 415 4461 472 4526; x_wconf 90' lang='lat' dir='ltr'><strong>hat</strong></span> <span class='ocrx_word' id='word_1_344' title='bbox 492 4460 585 4528; x_wconf 92' lang='lat' dir='ltr'><strong>keine</strong></span> <span class='ocrx_word' id='word_1_345' title='bbox 606 4463 782 4544; x_wconf 88' lang='lat' dir='ltr'><strong>bezfehung</strong></span> <span class='ocrx_word' id='word_1_346' title='bbox 804 4463 908 4543; x_wconf 91' lang='lat' dir='ltr'><strong>mehr,</strong></span> <span class='ocrx_word' id='word_1_347' title='bbox 935 4465 1104 4545; x_wconf 90' lang='lat' dir='ltr'><strong>respondet</strong></span> <span class='ocrx_word' id='word_1_348' title='bbox 1125 4464 1402 4532; x_wconf 86' lang='lat' dir='ltr'><strong>Friedlaenderus:</strong></span> <span class='ocrx_word' id='word_1_349' title='bbox 1433 4463 1556 4530; x_wconf 88' lang='lat' dir='ltr'><strong>freihch</strong></span> 
     </span>
    </p>
   </div>
   <div class='ocr_carea' id='block_1_5' title="bbox 327 4569 1555 4660">
    <p class='ocr_par' dir='ltr' id='par_1_5' title="bbox 327 4569 1555 4660">
     <span class='ocr_line' id='line_1_38' title="bbox 327 4569 1555 4660; baseline 0.002 -24"><span class='ocrx_word' id='word_1_350' title='bbox 327 4569 420 4638; x_wconf 89' lang='lat' dir='ltr'><strong>keine</strong></span> <span class='ocrx_word' id='word_1_351' title='bbox 447 4571 625 4656; x_wconf 87' lang='lat' dir='ltr'><strong>beziehnng</strong></span> <span class='ocrx_word' id='word_1_352' title='bbox 652 4573 709 4638; x_wconf 91' lang='lat' dir='ltr'><strong>auf</strong></span> <span class='ocrx_word' id='word_1_353' title='bbox 735 4573 785 4639; x_wconf 89' lang='lat' dir='ltr'><strong>ein</strong></span> <span class='ocrx_word' id='word_1_354' title='bbox 807 4572 1064 4656; x_wconf 88' lang='lat' dir='ltr'><strong>grammatisches</strong></span> <span class='ocrx_word' id='word_1_355' title='bbox 1087 4574 1225 4660; x_wconf 86' lang='lat' dir='ltr'><strong>subject,</strong></span> <span class='ocrx_word' id='word_1_356' title='bbox 1253 4574 1334 4640; x_wconf 92' lang='lat' dir='ltr'><strong>doch</strong></span> <span class='ocrx_word' id='word_1_357' title='bbox 1356 4575 1425 4640; x_wconf 92' lang='lat' dir='ltr'><strong>eine</strong></span> <span class='ocrx_word' id='word_1_358' title='bbox 1447 4578 1555 4638; x_wconf 83' lang='lat' dir='ltr'><strong>nattir-</strong></span> 
     </span>
    </p>
   </div>
   <div class='ocr_carea' id='block_1_6' title="bbox 0 0 1734 5370">
    <p class='ocr_par' dir='ltr' id='par_1_6' title="bbox 0 0 1734 5370">
     <span class='ocr_line' id='line_1_39' title="bbox 0 0 1734 5370; baseline 0 0"><span class='ocrx_word' id='word_1_359' title='bbox 0 0 1734 5370; x_wconf 95' lang='lat' dir='ltr'><strong> </strong></span> 
     </span>
    </p>
   </div>
  </div>
 </body>
</html>
