3460 5370
811 430 1027 492 ..50-

300 637 370 686 esse
397 633 541 695 caussae,
569 633 626 681 cur
655 614 727 680 illae
756 613 901 680 dictionIs
930 612 1138 695 proprietates
1159 630 1216 694 pro
1239 612 1328 678 noris
1349 609 1527 678 habeantur

302 728 499 808 dictionibus,
521 743 650 809 prorsus
670 729 763 790 errat.
786 743 858 789 nam
877 725 955 789 satis
970 724 1084 790 mirum
1101 728 1160 803 cst,
1174 741 1245 789 cum
1260 722 1367 789 novies
1381 722 1414 788 in
1425 721 1534 802 iliade,

302 839 419 922 septIcs
441 837 473 902 in
490 835 631 917 Odyssea
646 835 730 901 Iovis
752 834 828 899 illud
850 852 1021 916 cognomen
1044 834 1128 917 quod
1151 837 1200 900 est
1222 831 1361 918 εὐρύοπα
1383 832 1429 898 118
1443 850 1535 897 usur·

302 952 406 1030 petur,
427 952 464 1014 ut
486 950 637 1031 sequente
659 944 803 1011 nominis.
815 945 933 1027 proprii
953 949 1009 1011 aot
1025 944 1217 1012 nommativo
1236 948 1293 1010 aot
1309 943 1452 1009 vocativo
1469 940 1535 1008 effi-

304 1059 389 1124 ciant
418 1058 510 1123 ambo
538 1057 691 1124 vocabula
720 1060 822 1122 toturn
851 1054 962 1138 pedem
989 1055 1134 1136 quintum
1160 1073 1230 1120 cum
1253 1055 1334 1120 serti
1357 1053 1446 1135 pedis
1468 1055 1534 1119 arsi

302 1170 457 1251 producta
477 1173 606 1251 propter
629 1172 812 1251 sequentem
833 1170 1055 1232 consonantem
1076 1163 1232 1247 duplicem
1248 1169 1387 1230 extrema
1403 1163 1534 1247 epitheti

304 1279 433 1361 syllaba,
457 1286 489 1344 et
510 1280 543 1343 in
567 1277 675 1360 8206,
698 1275 815 1358 Ξῖὐύ,
837 1274 953 1356 9331,
976 1294 1111 1359 quorum
1134 1275 1230 1340 trium
1252 1274 1392 1341 locorum
1414 1275 1534 1355 primus

304 1391 336 1457 in
358 1396 448 1472 parte
469 1389 703 1456 concinnatorIa
724 1387 813 1454 obelo
836 1387 932 1470 digna
953 1391 1003 1452 est
1025 1385 1252 1467 (81881134,
1276 1387 1369 1467 376),
1399 1386 1481 1452 alter
1503 1391 1536 1450 et

305 1501 418 1567 tertius
440 1501 472 1566 in
495 1499 684 1566 carminibus
705 1502 810 1564 aetate
833 1503 866 1563 et
887 1497 1007 1579 origine
1029 1496 1197 1578 postremis
1220 1500 1253 1562 ct
1268 1494 1381 1560 infimis
1405 1499 1443 1578 (c.
1464 1495 1495 1561 d.
1514 1495 1534 1559 1.

305 1611 442 1690 1111111,
469 1615 528 1676 129
544 1614 577 1675 et
590 1609 709 1690 XVIII,
731 1610 816 1691 331),
834 1608 960 1692 legatur
978 1605 1117 1694 εὐρύοπα
1136 1606 1212 1695 Ζῆν,
1235 1608 1314 1673 satis
1329 1607 1427 1690 igitur
1440 1607 1534 1672 rebus

306 1739 340 1787 sc
355 1721 400 1786 ita
414 1720 604 1786 habentibus
614 1720 728 1788 micum
744 1725 802 1798 est,
817 1719 901 1801 quod
914 1718 989 1784 solis
1000 1718 1033 1784 in
1046 1719 1070 1781 A
1082 1723 1154 1799 478,
1172 1719 1278 1801 0152,
1294 1716 1385 1800 998,
1401 1735 1536 1798 quornm

305 1830 400 1896 trium
417 1829 556 1896 locorum
578 1830 640 1895 duo
662 1828 793 1896 extremi
815 1833 890 1894 sunt
910 1827 1027 1894 eisdem
1043 1847 1081 1894 ex
1100 1829 1290 1895 carminibus
1307 1847 1441 1911 quorum
1460 1832 1536 1894 sont

306 1938 336 2004 Ξ
353 1944 425 2020 265,
447 1937 564 2020 9331,
588 1959 626 2005 ex
648 1939 837 2006 carminibus
860 1938 978 2006 scilicet
999 1942 1104 2004 aetate
1124 1938 1291 2020 postremis
1306 1944 1339 2004 et
1354 1939 1474 2021 origine
1490 1940 1536 2003 in-

305 2049 385 2116 fimis
408 2049 447 2136 (c.
465 2050 494 2116 d.
512 2051 532 2115 1.
552 2051 586 2118 Α.
602 2051 693 2131 ΧΙΙΙ,
714 2053 777 2115 450
796 2054 828 2115 et
846 2050 965 2131 XVIII,
988 2052 1051 2133 98),
1075 2051 1215 2118 obcurrit
1238 2051 1342 2128 dictio,
1365 2067 1447 2132 quae
1469 2053 1534 2114 cst:

306 2158 444 2246 εὐρύοπα
459 2157 622 2246 Κρονίδην,
646 2179 727 2245 qnae
743 2161 805 2226 duo
828 2160 981 2227 vocabula
1002 2165 1090 2228 arcte
1106 2178 1224 2228 conexa
1240 2161 1272 2225 in
1289 2179 1383 2227 uersu
1400 2160 1536 2228 alterum

305 2276 339 2337 et
366 2271 495 2337 tertium
523 2270 634 2352 pedem
657 2290 726 2337 cum
755 2271 861 2353 quarti
890 2270 955 2336 arsi
983 2268 1131 2338 efficiunt
1172 2289 1273 2354 neque
1295 2270 1398 2336 minus
1420 2270 1536 2336 mirum

305 2380 484 2461 estquod,
512 2381 572 2446 etsi
601 2380 784 2462 saepissime
811 2381 844 2446 in
866 2379 966 2447 Iliade
996 2381 1035 2447 de
1063 2399 1172 2447 somno
1199 2398 1301 2448 sermo
1325 2385 1389 2462 est,
1416 2381 1484 2448 sola
1503 2381 1537 2446 in

306 2492 366 2556 hac
388 2490 622 2557 continuatione
644 2487 808 2556 καύεύύειν
831 2491 1018 2557 vocabulum
1041 2491 1168 2558 obvium
1189 2496 1248 2572 est,
1271 2498 1381 2558 contra
1395 2492 1537 2572 verbum,

298 2600 391 2684 quod
413 2606 462 2666 est
484 2597 598 2678 εὐύεα,
620 2600 728 2668 tricies
750 2602 852 2682 adest,
875 2602 907 2666 in
923 2601 1065 2684 Odyssea
1079 2621 1153 2668 vero
1170 2599 1334 2666 καύεύύεα
1349 2603 1537 2670 vocabulum

307 2710 472 2792 quinquies
488 2710 638 2777 obcurrit.
676 2714 771 2792 atque
791 2710 903 2777 herum
919 2711 1046 2794 quidem
1062 2711 1196 2777 duarum
1210 2712 1409 2795 potissimum
1429 2713 1538 2778 dictio

304 2837 381 2886 num
410 2820 564 2886 rationem
585 2820 745 2900 Hauptius
771 2821 899 2902 hahuit,
928 2838 999 2886 cum
1021 2822 1188 2890 scriberet:
1219 2823 1296 2890 aber
1317 2824 1385 2890 sein
1406 2823 1459 2889 stil
1481 2823 1538 2888 hat

305 2930 512 3012 eigenhciten,
530 2932 581 2998 die
592 2950 664 2997 man
679 2951 765 2998 num
781 2931 854 2998 teil
868 2931 963 2998 uird
978 2933 1025 2999 als
1039 2952 1156 3002 neuere
1168 2934 1459 3001 ausdruchsweisen
1471 2933 1539 2999 auf·

307 3039 414 3106 laszen
436 3040 592 3109 dhrien.
629 3062 723 3126 porro
745 3061 808 3108 non
835 3043 938 3126 possis
960 3044 1076 3126 videre,
1098 3045 1174 3125 quid
1195 3063 1378 3126 permovere
1399 3045 1540 3125 potuerit

305 3151 390 3217 hunc
408 3152 587 3219 Achilleidis
617 3154 934 3220 Friedlaenderianac
964 3160 1140 3235 auctorem,
1169 3158 1206 3221 ut
1233 3156 1266 3220 in
1295 3173 1388 3221 suum
1417 3160 1538 3238 poema,

309 3263 393 3348 quod
415 3266 521 3330 tamen
543 3265 710 3347 praecipue
733 3265 765 3329 ln
788 3264 883 3331 rebus
905 3264 1023 3332 bellicis
1045 3269 1199 3341 versatur,
1224 3265 1410 3346 explicatam
1432 3272 1465 3331 et
1487 3283 1538 3331 ex·

310 3378 430 3438 tentam
452 3373 573 3441 itineris
595 3375 743 3440 maritimi
766 3376 1007 3458 descriptionem
1021 3375 1072 3444 hic
1093 3376 1272 3444 inculcaret.
1306 3394 1389 3457 quac
1411 3375 1539 3459 quidem

313 3484 353 3549 ab
369 3482 476 3550 Iliadis
497 3483 601 3551 indole
615 3504 745 3567 prorsus
762 3486 865 3551 aliena
888 3491 993 3568 atque,
1015 3485 1049 3552 id
1062 3487 1147 3567 quod
1161 3506 1261 3570 nuper
1276 3486 1396 3552 amicus
1410 3483 1539 3567 quidam

312 3593 467 3660 Ernestus
479 3594 685 3675 Assmanuus,
708 3596 788 3662 med.
802 3599 835 3661 ct
849 3596 924 3663 chir.
940 3596 1110 3678 studiosus,
1133 3597 1187 3681 qui
1202 3596 1484 3663 conmentationem
1500 3593 1540 3660 de

311 3704 384 3769 navi
398 3704 566 3770 Homerica
583 3709 615 3770 et
632 3705 789 3773 Hesiodea
805 3706 912 3772 multis
928 3726 998 3775 cum
1021 3708 1135 3774 studiis
1157 3708 1349 3792 conscripsit,
1371 3707 1491 3774 invenit
1507 3710 1541 3772 81

312 3814 401 3879 nobis
411 3814 1095 3899 demonstravit,inrebusnavalihusprorsus
1104 3838 1173 3886 cum
1183 3818 1326 3902 Odyssea
1335 3819 1540 3901 culturaeque

312 3927 407 4004 statu,
425 3925 478 4006 qui
494 3925 639 4006 obtinuit,
656 3945 727 3992 cum
743 3933 888 3995 auctores
902 3928 1032 3994 minoris
1047 3929 1171 3996 scholae
1185 3929 1371 3996 Homericae
1388 3929 1539 4012 vigerent,

312 4034 508 4099 consentiens
535 4035 624 4102 nobis
647 4055 729 4103 nova
750 4037 875 4106 videtur
897 4057 967 4106 esse
989 4059 1117 4116 caussa,
1146 4059 1202 4108 cur
1224 4059 1292 4106 eam
1314 4041 1447 4123 primam
1470 4058 1540 4107 con·

311 4143 517 4210 tinuationem
540 4163 723 4214 censeamus
747 4166 815 4214 csse
837 4150 1006 4231 pacatioris
1028 4151 1048 4217 i.
1066 4170 1093 4218 e.
1113 4150 1297 4233 posterioris
1312 4152 1435 4233 aetatis,
1458 4169 1540 4234 quae

312 4254 462 4334 conplexa
474 4260 523 4321 est
536 4273 588 4322 res
603 4257 729 4324 nareles
746 4263 834 4324 tanto
846 4261 960 4342 studio,
977 4266 1096 4342 quanto
1107 4281 1158 4328 res
1170 4261 1297 4328 bellicas
1311 4262 1441 4328 Iliadica
1451 4266 1540 4328 aetas

311 4381 368 4430 sen
391 4365 497 4447 potius
520 4371 608 4433 aetas
632 4367 818 4452 antiquioris
841 4369 965 4437 scholae
988 4371 1172 4439 Homericae
1193 4371 1326 4440 fortasse
1343 4371 1485 4438 conditae
1500 4371 1541 4436 ab

310 4472 436 4542 homine
468 4477 604 4556 quodam
625 4478 763 4547 Homero
792 4479 876 4548 dicto
905 4480 981 4561 (etr.
1001 4481 1121 4550 Koechl
1148 4482 1189 4550 de
1215 4481 1540 4567 11.carn.diss.111,
