3460 5370
729 453 918 518 ..9-

366 638 412 709 ὥς
432 638 525 726 φάτο·
554 635 735 725 Ιίιίτροιιλος
756 633 793 702 δὲ
815 636 896 725 φίλῳ
919 634 1096 702 ἐπεπείθεθ’
1115 635 1231 725 ἑταίρῳ

366 747 401 813 ἐκ
421 747 449 812 θ’
460 747 575 833 ἄγαγεν
598 747 713 837 κλισίης
726 745 880 838 Βρισηίδα
901 749 1103 838 καλλιπάρῃον

365 861 448 926 dodae
470 858 612 943 θ’ἅγειν·
635 860 678 923 τὼ
701 856 816 930 δἀὖτιτ
836 857 901 948 ἴτην
924 859 1010 947 παρὰ
1032 864 1109 948 νῆας
1122 857 1246 951 Ἀχαιῶν

212 973 289 1040 alies
310 973 342 1038 in
365 972 421 1039 der
442 971 614 1055 erzihlung
635 971 678 1037 iat
691 971 875 1038 kunstreich
889 971 1071 1056 gegiiedert,
1094 972 1171 1040 aber
1184 973 1266 1040 auch
1280 971 1435 1051 vollendct

211 1085 244 1150 in
270 1083 422 1150 kdrzerer
443 1081 637 1165 daratellung
659 1083 715 1149 der
744 1080 860 1166 eriolga
882 1100 943 1149 ron
965 1099 1009 1150 vs.
1036 1086 1097 1149 305
1119 1102 1175 1149 an:
1202 1081 1355 1172 Πηλείδης
1375 1085 1434 1169 μὲν

212 1193 261 1258 ἐπὶ
281 1193 397 1265 κλισίας
417 1229 452 1239 -
469 1190 624 1281 Ἀτρείδης
650 1192 742 1278 θ’ἅρα
764 1196 823 1282 νῆα
852 1189 931 1282 θοήν
948 1230 990 1241 -
1006 1193 1102 1264 λαοὺς
1129 1193 1156 1258 θ’
1178 1192 1333 1284 Ἀτρείδης
1359 1195 1433 1260 ἀπο·

211 1303 413 1391 λυμαίνεσθαι
428 1303 547 1388 ἄνωγεν
570 1339 613 1350 -
638 1302 703 1368 ἀλλ’
721 1305 742 1367 θ
761 1326 797 1389 γε
824 1301 1052 1388 Ταλθύβιον-
1070 1305 1113 1369 τὼ
1136 1303 1312 1370 θ’ἀοέιιοντε
1332 1306 1434 1396 βάτην
1499 1342 1508 1354 -

213 1452 255 1465 -
273 1415 321 1487 ὥς
341 1417 442 1502 φάτο,
464 1413 647 1500 Πάτροκλος
667 1413 712 1479 δέ.
745 1426 846 1496 neque
868 1413 930 1480 alia
951 1414 990 1481 de
1011 1414 1071 1482 hac
1087 1416 1114 1481 A
1132 1420 1222 1496 parte
1244 1417 1345 1484 utitur
1365 1415 1434 1484 aen·

212 1527 312 1594 tentia
333 1525 508 1610 philologus
530 1525 658 1606 quidam
681 1530 789 1593 nostra
809 1524 904 1592 laude
925 1525 1077 1609 superior,
1100 1545 1193 1610 quem
1207 1525 1373 1611 aliquando
1387 1529 1435 1596 ita

212 1639 350 1706 locutum
373 1656 443 1736 esse
464 1638 675 1704 meminimus:
697 1639 730 1703 in
752 1637 870 1705 diesem
892 1637 965 1705 teila
987 1637 1042 1704 dea
1057 1643 1162 1704 ersten
1181 1637 1299 1706 bachea
1313 1638 1435 1724 bewagt

214 1749 283 1816 rien
303 1749 377 1816 duan
400 1747 511 1815 meista
533 1749 566 1814 in
587 1750 685 1816 reden
704 1749 773 1816 bien
796 1749 873 1830 304,
898 1748 982 1815 dann
1004 1746 1084 1832 folgt
1104 1746 1233 1816 caschar
1253 1749 1435 1834 absciduau3

213 1859 283 1927 hier
309 1861 353 1926 iat
380 1859 456 1926 alles
482 1859 553 1926 klar
580 1860 645 1926 und
672 1860 784 1942 schdn,
814 1878 888 1926 man
912 1858 1030 1926 kdnnte
1053 1860 1129 1926 daaz
1148 1857 1232 1927 buch
1254 1858 1434 1942 scilianum,

211 1969 368 2038 vielleicht
387 1971 533 2038 schiieezt
555 1972 605 2036 ein
620 1969 693 2053 lied
716 1971 773 2036 wir
791 1971 960 2056 verlaugen
975 1970 1067 2038 keinc
1081 1969 1284 2054 fortaatzung.
1317 1970 1435 2056 aliquid

212 2083 329 2167 proprii
358 2083 390 2147 in
419 2100 456 2148 eo
486 2100 570 2163 esse,
599 2083 683 2163 quod
709 2083 750 2149 ad
773 2099 898 2149 versum
921 2085 982 2148 305
1004 2100 1104 2166 paene
1125 2071 1230 2149 omnic
1250 2082 1282 2150 in
1303 2082 1433 2150 heroum

213 2191 446 2260 occurrentium
475 2193 668 2259 orationibus
696 2197 880 2274 versantur,
913 2191 984 2276 quis
1013 2197 1064 2260 est
1093 2194 1148 2277 qui
1175 2194 1292 2276 neget?
1323 2193 1436 2262 deinde

212 2309 313 2372 artem
334 2303 487 2385 poeticen
508 2304 541 2368 in
563 2303 622 2372 hoc
644 2303 780 2370 carmine
797 2322 887 2372 nemo
905 2303 1097 2372 desiderabit
1113 2321 1215 2387 neque
1234 2305 1337 2373 omnia
1351 2309 1436 2372 recte

213 2415 373 2483 concinere
395 2419 427 2482 et
449 2415 615 2498 cohaerere
635 2412 752 2481 infitias
773 2415 832 2482 ibit
854 2431 956 2497 neque
971 2414 1116 2496 cuiquam
1131 2433 1256 2482 carmen
1270 2415 1351 2482 maie
1365 2435 1436 2484 con-

213 2525 334 2592 clusum
355 2524 520 2592 videbitur.
553 2525 717 2609 sicigitur
738 2543 864 2593 carmen
884 2526 1019 2610 primum
1038 2531 1088 2593 eat
1101 2528 1292 2593 restitutum.
1326 2526 1383 2594 scd
1398 2545 1435 2593 ex

213 2642 280 2705 toto
291 2654 439 2705 versuum
450 2636 601 2719 conplexu
613 2640 742 2704 auctore
757 2635 897 2721 Hauptio
908 2636 1039 2704 eiciendi
1049 2642 1124 2704 sunt
1134 2655 1191 2721 pro
1202 2636 1372 2704 minoribus
1383 2638 1436 2704 ad·
1470 2647 1473 2652 '

213 2746 393 2814 ditamentia
415 2763 548 2828 quorum
567 2747 718 2814 rationem
741 2747 775 2813 in
786 2748 1007 2831 disquisitione
1021 2765 1080 2814 aua
1091 2747 1309 2830 Lachmannus
1320 2748 1437 2816 habere

213 2858 322 2939 noluit,
342 2857 412 2924 hice
434 2861 500 2923 tres
518 2876 645 2924 versus:
670 2864 740 2941 177,
763 2859 817 2944 qui
838 2861 878 2928 ab
896 2859 1044 2945 Hauptio,
1067 2861 1184 2928 monito
1201 2861 1243 2929 ab
1259 2860 1435 2930 Aristonico

213 2973 299 3036 recte
321 2974 354 3036 et
374 2969 425 3035 hio
447 2969 595 3062 docente:
618 2968 732 3052 ὀβελὸς
754 2970 809 3034 σὺν
832 2971 1017 3058 ἀπερίττῳ,
1039 2972 1086 3036 θτι
1108 2969 1244 3036 ἐνταῦθα
1259 2969 1315 3035 οὐκ
1328 2968 1435 3056 ὀρθῶς

214 3082 324 3158 κεῖται,
347 3079 381 3144 ἐν
403 3078 440 3144 δὲ
461 3090 501 3168 τῇ
518 3079 693 3171 Διομήδους
713 3079 854 3169 ἀριστείᾳ
876 3087 909 3149 et
930 3083 970 3150 ad
990 3083 1091 3149 dael
1116 3081 1287 3148 cunctante
1313 3100 1351 3148 ex
1369 3081 1437 3147 An·-

215 3191 367 3258 starcheis
397 3191 547 3259 doctrinis
577 3192 691 3259 haece:
721 3192 956 3280 θάοτερίοιιος,
987 3195 1033 3257 ὅτι
1055 3190 1201 3258 ἐντεῦθεν
1220 3193 1437 3282 μετενήνεκται

215 3300 248 3366 ἐν
271 3299 313 3390 τῇ
334 3303 444 3390 πρώτῃ
464 3301 617 3390 ῥαψῳδίᾳ
639 3301 689 3366 ἐπὶ
704 3304 755 3368 τὸν
773 3305 852 3390 πρὸς
867 3303 1002 3394 Ἀχιλλέα
1018 3304 1077 3369 ὑπὸ
1089 3302 1318 3390 Ἀγαμέμνονος
1334 3303 1437 3387 λόγον,

215 3415 332 3480 ciectus
361 3419 410 3479 cst
432 3413 504 3496 (cfr.
522 3431 600 3482 mus,
619 3414 717 3481 Rhen.
736 3433 786 3481 an.
804 3415 922 3498 1846),
952 3415 1037 3510 quod
1061 3415 1094 3482 in
1111 3417 1140 3482 A
1159 3431 1289 3499 prorsus
1311 3414 1436 3497 ineptus

215 3525 265 3606 sit,
288 3543 358 3591 cum
372 3522 508 3591 Achilles
531 3523 647 3591 abello
659 3543 694 3592 se
714 3526 830 3592 iamiam
847 3525 1036 3592 destiturum
1054 3526 1242 3610 domumque
1262 3525 1438 3592 rediturum

215 3638 309 3701 antea
321 3634 483 3701 minitatus
498 3635 548 3717 ait,
564 3629 710 3719 quodque
721 3655 759 3702 ex
772 3637 809 3717 E,
826 3636 914 3702 cuius
926 3636 1114 3720 rhapsodiae
1125 3641 1198 3718 post
1208 3654 1254 3702 vs.
1268 3640 1331 3702 890
1342 3635 1437 3717 aptis·

215 3745 312 3812 simus
334 3745 384 3826 sit,
408 3765 478 3812 cum
495 3746 591 3828 Mara,
613 3765 707 3828 quem
728 3747 773 3814 ibi
788 3747 911 3830 Iupiter
932 3767 969 3814 eo
984 3757 1078 3814 versu
1093 3747 1183 3830 quasi
1198 3745 1322 3828 salutat,
1346 3745 1438 3812 modo

216 3855 335 3922 ebello
357 3874 502 3928 reversus
524 3857 566 3922 ait
588 3857 677 3941 gravi
701 3857 826 3924 volnere
850 3856 1200 3937 aMinerva.adiectuS‚
1223 3856 1264 3922 sit
1277 3856 1439 3941 adreptus,

215 3985 285 4033 eum
307 3967 361 4051 qui
382 3966 414 4031 in
429 3968 456 4032 E
478 3968 647 4050 praecedet
661 3986 772 4035 versus
794 3967 902 4034 similia
919 3969 947 4034 is
962 3968 1005 4034 sit
1020 3970 1153 4036 versuA
1167 3968 1237 4050 176,
1258 3970 1331 4050 post
1345 3963 1439 4051 quem

215 4077 244 4142 A
257 4082 317 4142 177
333 4076 539 4160 interpolatus
556 4077 606 4158 sit,
622 4083 659 4143 ut
674 4078 764 4144 nobis
779 4079 906 4161 quidem
920 4079 971 4147 hio
986 4079 1096 4146 eadem
1109 4079 1251 4146 evenisse
1261 4077 1438 4160 videantur,

216 4205 297 4270 quae
325 4187 357 4253 in
387 4188 460 4253 diss.
487 4188 592 4270 inaug.
617 4207 690 4272 pag.
711 4193 751 4256 63
774 4189 1003 4273 descripsimus.
1044 4190 1073 4256 is
1095 4190 1177 4256 cuim
1200 4206 1311 4256 versus
1333 4189 1438 4256 subdi-

215 4299 307 4366 ticiua
329 4298 463 4381 primum
479 4297 604 4365 ridetur
627 4299 667 4365 ab
689 4299 861 4382 interprete
883 4305 940 4366 aut
961 4299 1080 4367 editore
1102 4297 1378 4366 antealerandrino
1397 4299 1437 4365 ad

215 4408 388 4494 marginem
410 4408 586 4493 adscriptus
612 4428 691 4491 esee,
714 4413 751 4476 ut
772 4408 1033 4477 conmonefierent
1050 4408 1182 4477 lectores
1201 4409 1438 4475 versumAltd

216 4521 250 4588 in
269 4521 297 4587 E
319 4521 502 4588 redeuntem
524 4522 557 4587 in
576 4522 604 4586 E
627 4523 716 4605 aequi
738 4522 833 4589 alium
855 4521 932 4587 inA
954 4540 1016 4589 non
1037 4519 1173 4602 obvium,
1196 4517 1308 4586 deinde
1322 4519 1361 4586 ab
1376 4519 1438 4586 alio

218 4631 364 4701 editionis
396 4632 479 4719 apud
500 4631 726 4702 Alexandrinos
754 4632 899 4718 volgatae
930 4636 1058 4704 auctore
1084 4631 1117 4700 in
1144 4634 1265 4702 textum
1293 4635 1438 4716 receptus
