3460 5370
789 315 1001 376 ...24-

281 503 327 565 ὄτι
361 499 550 582 παλιλλομεῖν
584 465 776 586 ιταρῄτρται,
810 495 964 583 ἀλλότριοι
996 495 1059 582 ἄρα
1093 496 1121 558 oi
1155 494 1376 584 ἐπιφερόμενοι
1409 496 1506 586 στίχοι

284 610 395 676 εἴκοσιν
418 608 506 686 ἑπτά,
529 608 704 676 obtensioni
720 612 789 674 erat
804 612 846 689 et,
869 612 905 675 ut
923 607 1072 673 Lehrsius
1090 606 1124 672 in
1140 606 1235 674 Arist.
1251 627 1323 692 pag.
1341 611 1403 674 358
1418 606 1503 690 dicit,

284 721 453 805 subspecta
474 724 570 799 atque
592 735 772 802 quanquam
794 718 847 784 alii
868 717 1000 783 carmini
1022 718 1078 783 aut
1099 718 1326 784 continuationi
1341 719 1504 802 aptissima

284 833 371 900 nulla
397 829 518 897 ratione
547 827 699 895 commoda
725 834 775 895 est
797 828 897 894 eidem
920 826 1065 909 carmini,
1097 828 1129 893 in
1152 847 1213 910 quo
1235 845 1316 911 quae
1338 829 1402 894 iam
1424 829 1508 895 dicta

284 947 359 1011 sunt
379 945 523 1023 repetere
544 958 607 1006 non
630 945 678 1007 est
699 944 821 1023 poetae.
855 957 895 1004 an
918 957 992 1004 vero
1014 938 1112 1004 habes
1133 941 1259 1022 poetam
1281 937 1334 1021 qui
1349 939 1411 1003 nisi
1425 937 1507 1004 torte

286 1073 343 1138 per
356 1052 489 1120 ironiam
505 1053 551 1117 ita
566 1054 665 1118 semet
680 1051 782 1134 ipsum
797 1051 888 1134 quasi
902 1049 1106 1132 repetiverit?
1131 1047 1249 1115 frustra
1264 1053 1296 1114 et
1309 1049 1393 1115 inter
1408 1048 1506 1116 Grae·

289 1183 341 1231 cos
365 1167 397 1230 et
418 1165 500 1228 inter
521 1163 680 1228 Romanos
702 1167 735 1228 et
755 1161 839 1230 inter
860 1161 1033 1227 Germanos
1056 1178 1127 1226 cum
1149 1159 1241 1226 huius
1262 1160 1413 1245 temporis
1438 1165 1505 1227 tum

287 1272 381 1340 medii
403 1277 436 1338 et
457 1272 667 1355 antiquissimi
689 1271 758 1338 aeri
780 1272 835 1355 qui
857 1271 952 1337 talem
974 1289 1008 1338 se
1031 1271 1165 1353 gesserit
1187 1287 1328 1353 quaeres.
1363 1277 1431 1339 tum
1447 1272 1509 1339 alia

288 1390 336 1451 est
364 1383 397 1449 in
427 1383 564 1450 carmine
593 1383 655 1448 alia
681 1383 714 1448 in
736 1381 967 1449 continuatione
990 1387 1027 1448 nt
1049 1382 1177 1448 deorum
1200 1381 1290 1448 sedes
1312 1383 1358 1447 ita
1380 1384 1511 1450 deorum

164 1583 167 1589 ¹
289 1493 438 1562 condicio.
480 1496 607 1575 praeter
633 1492 771 1576 reliquos
795 1493 874 1558 Iuno
898 1491 1012 1558 eximia
1032 1495 1089 1558 est.
1133 1509 1214 1574 quae
1235 1492 1268 1558 in
1291 1472 1429 1560 carmine
1450 1511 1512 1560 uon

233 1615 236 1620 '
287 1606 428 1689 inpedita
447 1606 713 1690 Agamemnonem
735 1609 854 1686 servat,
883 1603 916 1669 in
938 1603 1185 1685 continuatione,
1215 1623 1286 1671 cum
1300 1604 1375 1694 JIovi
1397 1603 1513 1671 obiciat

288 1721 321 1783 et
349 1715 547 1799 conloquium
580 1734 650 1782 cum
678 1714 810 1782 Thetide
839 1714 982 1781 habitum
1012 1719 1044 1779 et
1071 1714 1221 1780 auxilium
1250 1715 1279 1779 ei
1312 1714 1511 1798 promissum,

288 1827 480 1911 gravissimis
501 1827 783 1910 vituperationibus
810 1831 841 1893 et
864 1827 1010 1894 conviciis
1033 1830 1190 1893 oneratur.
1232 1844 1304 1922 non
1319 1827 1432 1909 igitur,
1459 1827 1514 1910 qui

288 1938 384 2004 rectis
407 1937 505 2004 oculis
527 1956 594 2004 rem
614 1939 795 2021 inspexerit,
819 1937 985 2018 dubitabit,
1009 1937 1085 2018 quin
1107 1937 1299 2004 continuatio
1321 1937 1431 2018 altera,
1454 1937 1514 2003 etsi

289 2049 357 2116 eius
380 2052 491 2114 auctor
510 2048 605 2131 primi
627 2048 775 2116 carminis
798 2048 936 2114 auctoris
958 2052 1094 2142 mentem
1114 2052 1146 2112 et
1167 2047 1355 2114 sententiam
1370 2052 1514 2130 exparte

289 2158 445 2241 concepit,
467 2159 547 2226 alius
570 2179 607 2227 ac
628 2159 764 2242 primum
786 2179 912 2227 carmen
934 2162 976 2227 sit
999 2160 1137 2228 auctoris
1161 2165 1193 2226 et
1214 2161 1253 2226 ab
1276 2159 1366 2224 initio
1387 2159 1515 2242 propria

290 2269 387 2337 luerit
411 2288 514 2355 neque
537 2289 606 2338 cum
628 2271 729 2354 primo
752 2271 890 2338 carmine
912 2271 1087 2338 cohaeserit
1108 2288 1210 2352 neque
1231 2270 1377 2336 instituta
1398 2268 1456 2351 sit,
1479 2275 1516 2337 ut

289 2401 360 2450 cum
390 2401 427 2447 eo
457 2381 558 2463 primo
588 2382 724 2448 carmine
752 2387 976 2450 concuteretur.
1017 2383 1179 2449 continuat
1206 2381 1261 2447 illa
1288 2380 1395 2446 iliadis
1422 2381 1516 2464 primi

293 2491 366 2559 libri
387 2510 462 2573 pars
483 2492 579 2559 rebus
601 2493 773 2560 minoribus
799 2513 861 2560 non
884 2493 1003 2559 curatis
1025 2493 1124 2576 ipsius
1145 2491 1239 2574 primi
1260 2491 1406 2557 carminis
1428 2490 1516 2558 fabu-

289 2603 360 2677 lam.
394 2602 450 2668 scd
473 2619 554 2684 quae
576 2608 625 2668 est
636 2603 775 2670 condicio
791 2604 874 2668 inter
891 2601 1158 2671 continuationem
1175 2601 1307 2666 alteram
1326 2605 1359 2668 et
1373 2602 1516 2684 primam,

289 2729 371 2798 quae
393 2713 438 2777 ita
462 2716 537 2777 sunt
567 2730 718 2795 conexae,
747 2718 784 2779 ut
804 2714 905 2794 prima
927 2714 968 2778 sit
989 2713 1155 2779 interiecta
1177 2713 1260 2778 inter
1282 2713 1412 2779 alterius
1436 2713 1516 2778 duas

289 2826 396 2909 partes
410 2822 564 2888 discisus?
575 2823 695 2888 'ambas
711 2823 961 2890 continuationes
984 2843 1046 2890 non
1069 2841 1138 2889 esse
1150 2823 1246 2892 unius
1262 2823 1399 2889 auctoris
1414 2842 1517 2907 neque

290 2953 310 2999 a
329 2932 483 3016 principio
505 2937 541 2998 ut
563 2951 646 2999 nunc
669 2952 803 3000 conexae
827 2938 905 3000 sunt
923 2935 969 2999 ita
985 2951 1117 3000 conexas
1132 2932 1238 3014 fuisse,
1261 2932 1317 3000 sed
1331 2933 1463 3018 primam
1479 2953 1517 3000 ea
1564 2993 1568 2999 ,

290 3044 486 3128 potissimum
512 3062 562 3124 re,
593 3044 677 3126 quod
699 3045 781 3110 inter
804 3045 947 3112 dimidias
975 3043 1104 3110 alterius
1132 3050 1238 3127 partes
1268 3044 1434 3111 interiecta
1463 3046 1515 3128 sit,

290 3155 519 3222 dubitationem
543 3173 668 3252 movere
690 3160 723 3220 et
737 3155 955 3222 Lachmannus
978 3159 1063 3222 recte
1078 3157 1200 3222 monuit
1215 3158 1247 3220 et
1260 3154 1333 3220 inde
1347 3155 1514 3238 perspicue

291 3265 406 3346 elucet,
435 3265 519 3347 quod
547 3265 670 3330 conexis
700 3270 737 3331 ut
758 3271 833 3333 sunt
855 3267 1006 3334 ambabus
1029 3266 1314 3333 continuationibus
1336 3269 1512 3348 temporum

290 3377 372 3444 ratio
395 3394 456 3443 non
479 3376 579 3459 magis
602 3377 739 3459 quadrat
759 3395 854 3460 quam
875 3378 907 3444 in
937 3377 1066 3444 alterius
1089 3375 1333 3443 continuationis
1357 3394 1427 3441 cunr
1448 3376 1516 3459 ipso

291 3487 429 3554 carmine
452 3505 580 3553 conexu.
619 3504 743 3568 nanque
765 3505 836 3553 cum
857 3487 903 3554 ita
925 3488 1050 3571 legatur
1069 3488 1103 3552 in
1120 3488 1147 3553 A
1166 3492 1243 3553 493:

498 3595 562 3660 ἀλλ’
577 3597 631 3660 ὅτε
653 3597 693 3686 δή
713 3601 736 3684 ρ
754 3595 800 3660 ’ἐκ
821 3599 885 3661 τοῖο
908 3597 1090 3686 δυωδεκάτη
1114 3596 1211 3681 μένετ’
1227 3598 1304 3687 ἠώς,

290 3707 368 3774 illud
391 3706 425 3772 ἐκ
446 3707 526 3784 τοῖο,
557 3707 641 3790 quod
670 3709 750 3774 mdc
772 3708 995 3791 Bernhardyus
1025 3709 1102 3774 dicit
1130 3710 1232 3775 minus
1254 3726 1350 3790 quam
1373 3708 1516 3776 Thetidis

286 3815 398 3909 χθιζὸς
417 3817 494 3885 illud
516 3819 667 3901 praebere
689 3817 887 3908 obsessionis,
910 3837 973 3900 qno
994 3819 1152 3886 referatur
1175 3839 1237 3886 non
1262 3825 1319 3900 est,
1342 3838 1412 3886 cnm
1436 3824 1468 3887 et
1483 3821 1515 3888 in

290 3931 468 3998 narratione
490 3928 572 3994 inter
586 3928 727 3995 Thetidis
749 3949 819 3996 cum
841 3930 905 3997 filio
928 3931 1126 4015 conloquium
1147 3937 1180 3997 et
1193 3930 1335 3996 Thetidis
1350 3931 1390 3997 ad
1406 3932 1515 3998 Iovem

278 4041 410 4108 ‘abitum
436 4041 601 4107 interiecta
628 4045 751 4107 noctem
773 4045 874 4106 ortam
896 4059 966 4108 esse
988 4046 1020 4107 et
1044 4041 1127 4107 diem
1148 4041 1279 4106 rediisse
1300 4041 1386 4108 hisce
1409 4042 1514 4110 verbis

291 4150 469 4236 audiamus:

315 4245 317 4250 ¹
503 4259 584 4348 ἦμος
605 4259 751 4348 δ’ἠέλιος
772 4249 883 4325 κατέδυ
907 4263 955 4325 καὶ
976 4261 1024 4325 ἐπὶ
1046 4261 1163 4348 κνέφας
1185 4259 1289 4350 ἦλθεν,

495 4371 534 4459 δὴ
558 4371 628 4434 τὸτε
650 4373 838 4461 κοιμήσαντο
863 4373 950 4459 παρὰ
972 4374 1149 4462 πρυμνήσια
1172 4373 1259 4462 νηός·

495 4481 575 4571 ἦμος
594 4482 792 4572 δ’ὴριγένεια
815 4487 899 4574 paup
919 4484 1155 4572 ῥοδοδάκτυλος
1175 4485 1251 4573 ἠώς,
