3460 5370
812 365 1018 428 ..36-

310 555 448 616 attamen
470 568 510 614 ne
531 567 587 615 nos
610 549 670 639 sibi
691 548 817 631 inpares
841 565 910 613 esse
932 546 1084 624 crederet,
1106 564 1160 611 eas
1183 541 1377 628 suscepimus
1393 547 1533 615 refutan-

309 661 375 726 das
410 659 545 742 primum
574 658 657 741 quod
688 658 779 739 dicit,
808 673 987 738 quanquam
1016 674 1079 722 non
1108 657 1193 722 adsit
1214 661 1335 722 rectum
1359 659 1533 725 subiectum

309 771 557 854 grammaticum,
581 783 643 851 quo
666 768 701 831 ἐκ
721 768 785 832 τοῖο
808 766 885 832 11111
907 766 1035 848 referas,
1058 770 1163 833 tamen
1188 767 1299 850 adeam
1323 768 1452 850 aliquid,
1473 788 1535 852 quo

308 900 365 962 per
381 900 492 958 ,rerum
513 885 658 945 naturam
680 879 790 946 referri
813 878 933 959 debeat,
957 879 1211 960 respondendum
1233 879 1261 944 ei
1284 885 1333 946 est
1355 879 1443 945 nihili
1465 898 1536 945 esse

309 992 383 1057 tale.
418 1009 541 1073 nanque
564 991 703 1073 quandiu
725 989 779 1072 qui
801 988 919 1072 aliquid
942 985 1536 1056 11111111111111111111111111111

309 1100 474 1184 proferunt
496 1101 526 1166 ei
547 1119 608 1166 non
631 1103 705 1166 sunt
726 1100 835 1181 insani,
858 1100 890 1163 in
913 1098 980 1164 eius
1002 1098 1086 1164 modi
1109 1100 1264 1182 operibus,
1294 1100 1355 1165 nisi
1376 1101 1459 1166 forte
1480 1119 1537 1182 per

309 1213 411 1277 iocum
435 1210 526 1277 aliter
548 1228 598 1274 res
620 1210 814 1289 instituitur,
837 1209 948 1290 solent,
971 1210 1037 1274 sive
1061 1209 1203 1275 scribunt
1225 1227 1283 1274 sua
1307 1209 1373 1276 sive
1395 1210 1535 1278 canendo

309 1320 472 1401 proferunt
500 1321 619 1403 solique
647 1321 814 1386 memoriae
843 1318 997 1385 servanda
1025 1319 1170 1399 tradunt,
1199 1319 1245 1383 ita
1273 1319 1360 1402 loqui
1383 1318 1420 1385 ut
1447 1319 1537 1416 qnid-

310 1432 385 1511 quid
408 1431 453 1495 ita
472 1431 589 1510 dicunt,
608 1435 648 1508 vut
669 1431 710 1495 ad
732 1431 953 1511 praecedentia
974 1429 1129 1509 quaedam
1151 1429 1193 1494 sit
1209 1427 1417 1511 referendum,
1440 1429 1474 1494 id
1492 1431 1536 1494 ita

313 1540 488 1622 instituant,
512 1546 548 1606 ut
566 1545 652 1606 recte
673 1540 774 1620 possit
790 1540 942 1621 interlegi,
965 1557 1028 1620 quo
1045 1558 1126 1622 quae
1142 1539 1363 1622 praecedentia
1380 1539 1536 1621 quaedam

312 1655 454 1731 spectant
471 1669 508 1716 ea
526 1651 589 1715 sint
604 1649 777 1730 referenda,
796 1654 893 1731 utque
912 1649 975 1731 illa,
994 1668 1074 1730 quaa
1090 1649 1310 1732 respiciuntur,
1329 1650 1369 1715 ab
1385 1649 1440 1732 eis,
1456 1667 1539 1730 quae

312 1759 493 1841 respiciunt,
516 1779 578 1825 non
600 1761 753 1826 distracta
775 1761 839 1825 sint
859 1761 1030 1826 interiectis
1052 1759 1121 1826 aliis
1144 1760 1339 1843 quibusdam,
1362 1777 1444 1842 quae
1468 1758 1539 1838 iilis,

313 1889 394 1951 quae
416 1870 635 1961 praecedentia
658 1874 810 1950 spectant,
833 1889 894 1936 non
917 1871 1021 1936 minus
1043 1871 1166 1953 possint
1186 1874 1331 1951 respecta
1353 1888 1422 1936 esse
1444 1887 1540 1952 quam

315 1998 360 2059 ea,
385 1998 466 2062 quae
488 1984 631 2061 respecta
653 1980 719 2046 volt
741 1982 860 2045 auctor.
896 1998 937 2044 an
959 1999 1043 2060 vero,
1072 1982 1188 2063 optime
1209 1979 1463 2060 Friedlaendcre,
1484 1979 1539 2045 ha·

313 2090 369 2156 bes
391 2108 429 2154 ex
451 2089 654 2170 scriptoribus
678 2090 743 2154 sive
765 2089 896 2172 potticis
919 2090 983 2155 sive
998 2090 1159 2173 prosaicis
1183 2108 1275 2172 quem
1291 2089 1432 2157 nomines
1448 2088 1540 2154 aliter

314 2199 346 2263 in
369 2198 515 2279 operibus
535 2199 600 2264 suis
616 2218 650 2264 11
665 2204 836 2282 gerentem.
867 2203 977 2270 nostra
993 2199 1117 2282 quidem
1134 2199 1292 2266 sententia
1305 2217 1345 2264 ne
1359 2199 1387 2265 ei
1404 2199 1541 2280 quidem,

316 2309 370 2391 qui
400 2309 627 2375 conmentarios
657 2309 801 2390 1111111,
834 2328 914 2392 quos
944 2327 1091 2375 vocamus
1119 2308 1304 2392 zeitungen,
1340 2309 1542 2376 conscribunt

314 2418 499 2502 plerumque
528 2421 662 2488 maxima
690 2420 849 2487 celeritate
876 2419 942 2500 usi,
973 2420 1013 2485 ab
1040 2420 1100 2486 hac
1128 2420 1354 2486 consuetudine
1376 2420 1538 2487 recedunt.

316 2529 371 2594 sed
395 2529 471 2609 quid
501 2530 622 2596 multa?
650 2537 736 2597 recta
764 2549 802 2596 ea
830 2531 892 2596 iam
921 2530 1070 2597 indicavit
1090 2530 1310 2596 Lachmannus
1341 2535 1373 2596 et
1394 2529 1543 2612 probavit

315 2639 401 2703 hisce
430 2639 548 2705 verbis:
579 2639 655 2705 aber
685 2641 754 2706 der
775 2638 895 2705 zweiiel
918 2639 1022 2705 ddrsts
1045 2640 1124 2706 doch
1146 2641 1227 2707 wohl
1250 2640 1375 2707 erlaubt
1394 2640 1479 2720 sein,
1501 2640 1540 2706 ob

317 2766 350 2813 es
373 2749 474 2814 einem
503 2749 704 2832 geschiokteu
727 2748 869 2816 11111111
888 2750 1051 2832 begegneu
1074 2749 1198 2832 wtirde,
1231 2751 1306 2816 dasz
1330 2769 1364 2816 er
1386 2757 1452 2817 erst
1474 2749 1538 2816 drei

316 2859 417 2924 zeiten
441 2861 572 2942 anga‘be,
595 2860 670 2925 zwei
692 2861 750 2925 mit
771 2859 850 2942 zahl,
875 2860 926 2926 die
947 2860 1044 2925 dritta
1058 2879 1129 2927 vom
1152 2861 1269 2943 taglich
1292 2862 1338 2927 bis
1361 2881 1430 2926 zum
1455 2860 1542 2926 sech·

317 2969 452 3034 zehnten
474 2975 547 3052 tage
569 2970 781 3053 widerholten,
805 2971 869 3036 und
893 2991 927 3038 er
947 2972 1043 3039 liesze
1066 2973 1149 3038 daun
1172 2973 1241 3038 eine
1263 2971 1334 3038 zahl
1355 2972 1468 3054 folgen,
1492 2971 1542 3037 die

317 3078 373 3144 111
392 3079 442 3145 111
465 3085 548 3146 erste
564 3081 791 3148 zuritckwiese:
817 3101 887 3147 nam
904 3083 1037 3149 zehnten
1053 3087 1125 3165 tage
1139 3088 1199 3164 rat,
1222 3083 1314 3163 zank,
1335 3081 1443 3146 Thetis
1457 3080 1543 3162 rede,

317 3207 367 3254 am
384 3189 502 3254 andern
521 3210 649 3273 morgen
666 3192 760 3258 kehrt
771 3191 931 3275 Odysscus
948 3193 1075 3274 zurdck,
1095 3193 1233 3258 Achilles
1250 3195 1344 3276 gieng
1355 3190 1544 3258 inzwischen

319 3298 417 3380 (nicht
439 3299 582 3382 seitdem)
606 3301 758 3368 niemahls
780 3320 852 3367 zum
874 3309 925 3368 rat
946 3303 1012 3368 und
1033 3302 1186 3368 niemahis
1208 3322 1265 3368 zur
1289 3283 1439 3384 schiacht,
1461 3300 1543 3366 nach

318 3409 434 3474 diesem
463 3428 514 3474 am
541 3411 685 3476 zwdlften
714 3416 786 3494 tage
816 3411 950 3476 kehrten
972 3411 1023 3477 die
1045 3415 1150 3494 gdtter
1171 3411 1285 3477 heim«
1328 3430 1362 3478 es
1383 3412 1426 3476 ist
1446 3410 1541 3492 wahr,

317 3518 391 3583 dasz
413 3518 522 3586 hieran
543 3519 654 3586 Nacke
675 3521 788 3587 keinen
810 3525 935 3586 anstosz
958 3521 1061 3602 nahm,
1084 3521 1219 3588 sondem
1241 3540 1302 3588 nur
1324 3521 1389 3603 der,
1412 3521 1470 3585 wie
1491 3520 1541 3584 hr.

317 3629 423 3711 Bergk
444 3630 611 3714 (Morburg
635 3635 730 3716 1845)
754 3638 836 3716 sagi,
859 3634 912 3716 qui
935 3607 1213 3703 omnia‘dissoIvit.
1246 3634 1404 3702 vieileicht
1425 3633 1544 3698 kdnnte

317 3757 381 3804 nun
404 3739 508 3805 dieser
528 3741 686 3824 zugeben,
715 3742 790 3808 dasz
813 3743 881 3810 hier
904 3745 970 3812 sein
992 3743 1103 3827 gefdhl
1124 3765 1164 3812 zu
1188 3745 1295 3811 scharf
1314 3745 1374 3826 sei,
1397 3761 1487 3810 wenn
1510 3759 1544 3808 11

317 3848 405 3916 nicht
427 3849 483 3915 der
505 3850 667 3917 bedenken
689 3852 731 3917 im
753 3858 859 3919 ersten
881 3855 984 3922 buche
1006 3855 1063 3922 der
1081 3856 1156 3922 Ilias
1171 3855 1261 3921 mehr
1278 3856 1359 3938 g'a'be
1374 3853 1439 3920 und
1453 3871 1544 3918 weun

317 3978 378 4026 nur
406 3959 493 4025 nicht
521 3962 568 4024 hr.
587 3961 693 4043 Bergk
721 3962 790 4028 eine
819 3964 1047 4046 sehwierigkeit
1080 3963 1135 4030 des
1158 3966 1262 4029 ersten
1284 3963 1420 4044 11111111,
1444 3962 1544 4029 durch
1575 4049 1579 4053 ¹

319 4069 376 4134 das
398 4069 503 4150 letzte,
526 4070 576 4134 ein
597 4071 682 4134 werk
705 4088 762 4136 aus
785 4071 870 4136 einer
892 4073 953 4138 viel
979 4078 1107 4154 spatam
1121 4072 1346 4155 kunstperiode
1368 4071 1544 4138 reahtferti-

318 4195 378 4259 gen
401 4177 513 4242 wollta.
554 4178 637 4244 unde
664 4179 860 4262 apertissima
891 4186 1015 4246 constat
1037 4180 1071 4244 ἐκ
1093 4184 1157 4245 τοῖο
1171 4180 1257 4246 ’11111
1286 4182 1319 4246 11
1341 4185 1449 4247 nostro
1471 4180 1543 4246 libri

318 4288 412 4367 primi
440 4307 558 4354 conexu
588 4307 650 4354 non
679 4307 772 4371 posse
796 4288 907 4356 referri
936 4291 997 4354 nisi
1019 4296 1076 4357 aut
1097 4292 1137 4356 ad
1158 4290 1265 4374 plures
1286 4291 1356 4357 ilios
1378 4291 1459 4372 1111,
1490 4291 1545 4372 qui

319 4396 448 4464 indicati
470 4402 804 4480 1111111488-92,
827 4403 883 4464 aut
905 4399 950 4465 eis
973 4401 1111 4484 quinque
1132 4402 1276 4468 versibus
1298 4419 1369 4468 cum
1384 4400 1544 4467 Zenodoto

320 4506 427 4583 eiectis
460 4507 500 4572 11
530 4526 627 4573 unum
656 4508 1016 4575 1111111475-77
1051 4511 1238 4594 indicatum,
1272 4530 1406 4596 quorum
1438 4514 1544 4576 111111
