3460 5370
676 453 868 514 ..3.-
1088 487 1099 518 ,

162 635 308 701 Μ1111111
328 634 475 718 Hauptii‚
505 632 650 716 magistri
678 633 778 700 nostri
800 633 1007 700 laudatissimi
1029 639 1062 700 et
1084 634 1269 714 doctissimi,
1298 634 1383 701 aucti

163 747 340 829 sumptibus
375 751 407 812 et
434 745 517 829 typis
545 745 709 812 clarissimi
737 744 924 811 Germaniae
952 745 1138 828 bibliopolae
1167 746 1223 814 Ge.
1246 747 1383 813 Reimeri

160 857 346 940 prodierunt
373 856 508 938 primum
537 861 739 936 annulati,
768 857 879 922 deinde
907 861 1036 923 emente
1064 858 1217 924 Mauricio
1244 858 1383 938 Hauptio

161 984 243 1033 anno
262 968 343 1034 1865
373 966 510 1049 praefixo
539 967 648 1033 titulo:
681 966 930 1050 betraehtungen
959 968 1038 1034 tiber
1066 969 1200 1034 Homero
1221 969 1296 1034 llias
1324 986 1384 1034 111

160 1077 241 1142 Κ111
262 1077 441 1144 Lachmann
470 1078 528 1142 mit
557 1082 707 1143 zusttzen
729 1096 789 1144 von
811 1077 910 1142 111111
932 1078 1049 1160 Haupt.
1090 1096 1223 1159 quarum
1245 1080 1385 1146 conside-

160 1189 318 1253 rationum
341 1189 480 1254 solnrum
497 1188 656 1269 Hauptins
677 1188 710 1252 in
729 1188 795 1254 suis
812 1188 851 1253 de
862 1189 960 1254 Iliade
972 1188 1087 1255 scholis
1101 1190 1253 1256 rationem
1269 1191 1385 1256 habere

161 1298 250 1363 solet.
283 1302 317 1362 at
338 1318 413 1364 vero
434 1299 520 1379 quod
541 1298 759 1364 Lachmannus
783 1299 881 1363 solam
897 1297 1027 1364 Iliadem
1046 1301 1202 1384 tractarit,
1226 1319 1337 1368 caussa
1353 1302 1385 1366 in

163 1428 200 1476 eo
223 1414 280 1490 est,
302 1410 386 1491 qnod
408 1411 463 1491 qui
484 1414 583 1476 totam
604 1429 671 1476 rem
686 1410 784 1475 movit
801 1407 931 1476 Wolfius
954 1428 1022 1476 eam
1037 1410 1234 1493 potissimum
1249 1417 1386 1478 tractare

162 1520 362 1586 subcessores
386 1520 486 1602 iussit,
508 1521 592 1601 qnod
612 1520 771 1602 Odysseae
794 1537 950 1602 conpages
972 1520 1164 1586 admirabilis
1185 1540 1243 1604 pro
1265 1539 1385 1588 summo

141 1701 143 1706 ,
163 1634 196 1696 11
217 1629 466 1714 praeclarissimo
488 1631 602 1698 Graeci
623 1632 738 1714 ingenii
759 1630 904 1711 habenda
926 1635 1010 1696 esset
1026 1631 1221 1697 documento.
1256 1633 1307 1698 cui
1322 1633 1386 1715 opi·

164 1743 250 1808 nioni
278 1762 316 1808 ex
345 1742 412 1808 sola
439 1743 541 1825 specie
571 1743 722 1824 subcepta
751 1742 924 1809 rectissime
951 1744 1113 1826 respondit
1141 1749 1174 1809 et
1200 1745 1389 1811 contradixit

165 1853 327 1920 Belrkerus
343 1854 376 1919 in
392 1873 450 1920 sua
471 1855 509 1921 de
521 1839 688 1936 'odysseae
702 1855 860 1936 prooemio
879 1856 1097 1922 dissertatione
1114 1854 1196 1920 foliis
1214 1856 1388 1922 Homericis

165 1968 293 2032 inserta.
325 1983 363 2030 ac
381 1984 454 2032 vere
473 1965 598 2046 quidem
616 1965 775 2048 Odysseae
786 1985 941 2049 conpages
958 1984 1020 2032 non
1038 1970 1087 2031 est
1104 1964 1186 2049 talis,
1209 1973 1247 2031 uc
1265 1985 1326 2032 non
1343 1967 1388 2032 in·

164 2076 330 2144 veniantur
351 2080 490 2158 suturae,
513 2076 570 2142 scd
591 2077 701 2142 eodem
722 2077 814 2143 modo
836 2096 899 2159 quo
922 2096 960 2142 ex
973 2076 1080 2142 Hiadis
1097 2095 1227 2159 corpore
1242 2078 1335 2143 etiam
1351 2097 1389 2142 ex

165 2187 325 2270 Odysseae
355 2205 475 2254 conexu
503 2187 558 2268 qui
584 2186 661 2270 legit
687 2191 720 2252 et
749 2191 883 2267 tractat,
911 2187 972 2252 nisi
992 2186 1242 2271 praeobcupatas
1273 2188 1389 2270 opinio·

164 2317 221 2364 nes
239 2303 355 2378 tuetur,
378 2298 405 2364 is
426 2302 517 2364 eruet
535 2298 682 2379 carmine,
702 2315 783 2379 quae
802 2298 888 2379 quod
902 2299 1029 2364 maioris
1049 2304 1123 2365 sunt
1140 2299 1276 2364 ambitus
1295 2317 1390 2381 quam

100 2497 106 2502 -
164 2405 315 2491 pleraque
338 2410 377 2475 de
398 2409 446 2475 ira
461 2409 590 2474 Achillis
613 2408 760 2491 earmina,
788 2427 901 2476 caussa
922 2410 954 2474 in
978 2428 1015 2475 eo
1035 2415 1093 2490 est,
1117 2410 1202 2492 quod
1222 2428 1284 2476 non
1307 2409 1392 2475 eius·

165 2519 237 2586 dem
266 2539 303 2586 ae
330 2520 464 2602 plurima
494 2519 602 2586 iliadis
625 2521 763 2586 carmina
785 2521 899 2586 aetatis
922 2525 996 2586 sunt
1025 2520 1081 2586 sed
1109 2521 1269 2605 aliquanto
1291 2523 1392 2601 poste-

167 2630 276 2711 rioriS,
301 2649 364 2712 qua
385 2631 446 2697 iam
469 2635 582 2714 coepta
604 2636 653 2697 est
674 2632 773 2698 maior
795 2629 973 2698 fabularum
996 2631 1085 2713 copia
1105 2631 1138 2697 in
1160 2649 1257 2698 unum
1280 2633 1393 2711 eorpus

169 2741 311 2822 conponi,
333 2742 365 2806 id
385 2742 470 2822 qrr'od
491 2741 555 2806 iem
576 2741 693 2809 factum
711 2747 760 2807 est
776 2761 796 2807 a
811 2742 925 2825 prioris
943 2742 1067 2808 scholae
1085 2741 1270 2808 Homericae
1288 2746 1394 2807 aucto-

167 2853 254 2918 ribus
275 2853 453 2934 postremis
477 2853 565 2918 cuius
586 2853 710 2934 generis
733 2857 782 2917 est
800 2858 834 2917 et
850 2858 961 2918 auctor
984 2852 1130 2919 carminis
1149 2852 1188 2918 de
1205 2851 1253 2918 ira
1264 2851 1394 2918 Achillis

165 2963 270 3046 'quinti
293 2963 404 3029 decimi
426 2967 458 3029 et
479 2969 589 3031 auctor
611 2965 692 3030 sexti
714 2963 834 3028 decimi.
867 2980 969 3045 neque
991 2981 1066 3028 vero
1089 2960 1248 3028 disficilius
1270 2961 1393 3028 videtur

169 3093 238 3140 esse
262 3075 295 3140 in
317 3073 478 3155 Odysseae
505 3093 635 3156 corpore
665 3092 760 3155 quam
790 3074 823 3138 in
846 3073 955 3139 Iliadis
986 3072 1139 3156 conplexu
1167 3073 1350 3155 dignoscere
1373 3093 1393 3139 a

169 3185 258 3251 bonis
288 3191 321 3250 et
352 3185 496 3266 genuinis
530 3185 719 3251 carminibus
750 3189 858 3268 partes
891 3189 924 3250 et
955 3183 1141 3266 particulas,
1175 3202 1256 3265 quae
1291 3184 1392 3250 aliena

170 3295 436 3363 diasceuastarum
459 3317 554 3364 manu
576 3299 716 3362 intrusae
738 3300 820 3375 sunt,
844 3300 876 3359 et
891 3294 1075 3380 fragmenta,
1099 3312 1180 3378 qnae
1196 3293 1323 3360 aliunde
1339 3296 1393 3360 ad·

169 3399 264 3490 repta'
287 3408 353 3473 sine
381 3408 496 3475 iudicio
525 3409 650 3474 invecta
676 3411 759 3473 sunt.
802 3405 859 3472 sed
878 3405 926 3470 ‘od
956 3405 1190 3472 Lachmannum
1218 3407 1391 3471 redeamus.

169 3519 196 3582 is
212 3537 282 3586 eum
299 3519 391 3586 editis
406 3520 472 3585 suis
486 3519 785 3586 considerationibus
798 3518 981 3600 gravissimo
993 3517 1156 3582 certamini
1165 3521 1237 3597 post
1245 3514 1393 3582 Wolfium

170 3635 238 3697 orto
256 3649 337 3698 nova
354 3636 391 3696 ut
407 3631 453 3696 ita
468 3631 607 3696 dieamus
626 3649 713 3696 arma
732 3633 764 3695 et
780 3629 895 3695 auxilia
914 3627 1088 3710 adtulisset,
1104 3627 1159 3710 qui
1177 3631 1250 3692 ante
1268 3626 1394 3691 fuerant

169 3738 379 3806 Antiwolliani
401 3721 714 3806 Antilacbmanniani
730 3741 919 3806 exstiterunt
939 3738 1117 3819 multosque
1138 3737 1231 3802 nimis
1250 3736 1393 3802 credulos

169 3869 271 3933 neque
293 3856 383 3933 aptos
405 3851 538 3932 quisue
561 3849 792 3917 studiosorum
814 3867 948 3929 quorum
961 3847 1074 3944 scholis
1086 3848 1259 3912 intererant
1270 3852 1395 3913 senten-

169 3962 230 4028 tias
253 3961 430 4028 refutarent
452 3967 485 4028 et
500 3955 662 4028 abicerent
683 3962 716 4027 in
734 3978 806 4026 suas
825 3959 986 4042 opiniones
1004 3957 1074 4023 dolo
1091 3957 1173 4024 malo
1185 3958 1393 4025 adsciverunt.

170 4091 304 4155 quorum
325 4073 452 4156 primos,
474 4073 529 4156 qui
546 4072 653 4138 Hiadis
672 4077 703 4138 et
719 4071 879 4154 Odysseae
901 4069 1055 4134 unitatem
1078 4069 1238 4134 utdicunt
1257 4071 1395 4148 tuentur,

170 4201 241 4250 eum
259 4184 418 4265 Koechlyo
441 4184 499 4249 sub
522 4183 645 4248 nomine
668 4183 799 4248 unitatis
821 4185 984 4263 pastorum
1006 4178 1254 4260 conprendimus.
1287 4197 1394 4245 eorum

170 4313 238 4377 per,
257 4299 358 4360 totum
379 4301 523 4364 nostrum
551 4317 630 4380 opus
653 4317 746 4380 quam
768 4297 928 4362 rarissime
949 4295 1121 4377 poterimus
1143 4294 1330 4359 mentionem
1352 4291 1395 4359 sa·

172 4406 304 4490 1111111,
338 4427 409 4473 cum
440 4426 549 4474 eorum
582 4409 742 4491 opiniones
775 4427 838 4474 non
862 4407 974 4487 dignae
1000 4406 1063 4469 sint
1083 4403 1304 4469 undevicesimi
1325 4405 1397 4482 post

172 4515 332 4582 Ohristnm
352 4519 468 4585 saeculi
489 4519 654 4601 philologis
676 4539 778 4603 neque
801 4518 843 4584 ad
864 4514 1065 4582 refutandum
1086 4514 1216 4580 idoneae
1231 4517 1326 4595 atque
1340 4530 1397 4593 per

172 4647 206 4694 se
227 4628 353 4710 ineptae
375 4629 452 4723 satis
476 4629 687 4714 infringantur
709 4629 775 4696 sola
798 4648 835 4696 ea
851 4647 895 4709 re,
918 4643 1013 4708 quam
1031 4642 1091 4724 nos¹
1106 4643 1162 4706 per
1179 4623 1238 4689 hoc
1254 4627 1396 4689 nostrum

1156 4730 1169 4781 1
1177 4726 1193 4760 R
