3460 5370
838 435 1028 495 -ss-

322 619 355 683 in
369 617 575 683 Ambrosiano
588 615 742 700 Goucylus
761 635 824 683 non
841 617 948 683 addito
966 618 1054 683 urbis
1069 617 1167 700 ipsius
1180 619 1304 684 nomine
1314 616 1438 703 legatur
1449 621 1546 704 idque

322 747 435 794 nomen
457 727 592 810 primum
605 727 709 793 locum
723 732 839 808 teneat,
862 727 947 810 apud
962 727 1145 794 Crumerum
1161 734 1235 794 ante
1250 729 1410 812 Orpheum
1424 731 1546 799 nullum

321 858 443 918 nomen,
457 843 532 920 post
549 837 784 904 Onomacritum
796 837 1018 905 Atheniensem
1034 839 1077 904 sit
1095 840 1142 902 καὶ
1159 862 1217 923 aoy
1230 839 1279 903 ἐπὶ
1294 843 1443 924 κογκυλω,
1459 843 1543 909 unde

322 948 399 1032 quid
421 949 635 1015 coniciendum
657 948 699 1012 sit
721 948 805 1032 apud
828 949 937 1014 doctos
959 968 1023 1013 non
1044 953 1182 1032 constat,
1209 970 1266 1017 nos
1287 970 1361 1018 vero
1384 972 1546 1020 censemus

301 1060 367 1126 eis
388 1058 502 1124 litteris
525 1063 643 1126 tectum
665 1077 735 1125 esse
758 1060 863 1142 quarti
881 1058 1035 1126 adiutoris
1056 1080 1168 1128 nomen
1186 1080 1257 1127 cum
1274 1064 1547 1146 eiuspatriaurbe

322 1189 424 1252 neque
452 1174 559 1236 tamen
586 1170 619 1235 id
639 1187 732 1251 posse
754 1170 800 1235 ita
821 1169 905 1250 elici,
936 1174 973 1234 ut
995 1171 1107 1252 cuique
1134 1174 1362 1254 persuadeatur
1389 1176 1547 1250 coniectu·

322 1300 390 1346 ram
416 1279 497 1347 forte
524 1279 658 1374 fortuna
677 1281 836 1347 inventam
864 1299 933 1347 esse
954 1286 1083 1347 rectam.
1120 1282 1254 1364 denique
1276 1303 1337 1349 non
1359 1287 1541 1366 poterimus

322 1391 398 1472 quin
420 1391 570 1474 Koechlyi
599 1409 724 1475 quoque
754 1393 787 1456 in
810 1391 870 1456 hac
893 1390 932 1456 de
955 1393 1127 1458 carminum
1150 1395 1188 1459 de
1210 1395 1257 1459 ira
1277 1395 1405 1462 Achillis
1428 1397 1547 1479 origine

248 1508 259 1535 ³
324 1503 543 1568 dissertatione
565 1502 696 1568 multam
716 1503 889 1568 habeamus
911 1503 1065 1569 rationem
1084 1502 1277 1584 multamque
1297 1504 1448 1572 faciamus
1462 1526 1547 1572 men-

321 1613 449 1678 tionem.
481 1613 508 1677 is
531 1612 613 1678 enim
635 1612 764 1678 alterius
787 1617 914 1679 nostrae
937 1614 1050 1679 aetatis
1069 1614 1310 1681 Homeridarum
1332 1615 1439 1682 classis
1459 1635 1547 1700 prae·

322 1724 433 1807 cipuus
455 1724 546 1807 quasi
568 1724 653 1806 civis,
676 1725 789 1790 summi
815 1722 955 1804 signiferi
977 1724 1158 1806 discipulus
1181 1726 1213 1789 in
1234 1726 1423 1793 carminibus
1446 1731 1478 1792 et
1508 1727 1547 1793 de

321 1836 370 1902 ira
394 1835 524 1902 Achillis
547 1839 580 1902 et
608 1835 648 1902 da
675 1835 780 1901 reditu
802 1833 902 1900 Ulixis
931 1835 964 1899 in
990 1835 1148 1917 integrum
1174 1836 1378 1902 restituendis
1406 1837 1478 1904 iude
1507 1838 1546 1905 ab

321 1965 403 2014 anno
425 1944 519 2011 huius
541 1946 657 2012 saeculi
679 1945 947 2028 quinquagesimo,
970 1946 1027 2011 abs
1044 1963 1106 2026 quo
1129 1945 1163 2010 in
1176 1946 1449 2015 dissertationibus
1465 1949 1545 2014 indi·

322 2057 411 2125 cibus
433 2057 602 2124 lectionum
624 2057 846 2124 Turicensibus
868 2056 1049 2137 praemissis
1071 2057 1206 2137 primum
1226 2057 1357 2124 Iliadem
1379 2077 1479 2141 usque
1505 2061 1548 2126 ad

322 2169 438 2237 librum
459 2174 624 2251 octavum,
646 2167 759 2235 deinde
782 2168 942 2250 Odysseae
964 2167 990 2248 Ι,
1011 2172 1123 2248 1-87,
1145 2165 1185 2249 V,
1205 2169 1379 2248 28-an
1399 2175 1469 2252 184,
1493 2188 1547 2235 eas

322 2280 469 2346 nimirum
491 2284 607 2363 partes,
629 2297 708 2362 quas
730 2276 942 2345 Kirchboffius
965 2277 1050 2343 haud
1071 2276 1149 2344 false
1171 2279 1293 2361 antiqui
1315 2280 1399 2345 nosti
1420 2285 1453 2346 et
1474 2299 1547 2362 apo·

322 2393 465 2474 logorum
487 2391 664 2458 nominibus
686 2389 825 2472 insignit,
847 2390 880 2455 in
902 2408 974 2456 eum
995 2387 1090 2455 finem
1112 2391 1269 2471 tractavit,
1292 2395 1328 2456 ut
1346 2391 1483 2473 genuina
1502 2393 1547 2457 in·

323 2503 445 2570 veniret
467 2506 500 2569 et
521 2501 701 2568 enuclearet
722 2501 870 2582 carmina,
893 2519 1046 2566 summam
1068 2519 1197 2583 operam
1218 2501 1368 2584 inpendit,
1398 2502 1463 2583 sed,
1487 2503 1547 2568 etsi

323 2631 358 2680 se
376 2613 576 2680 Lachmanno
598 2613 678 2679 duce
699 2616 731 2677 et
753 2612 879 2694 auspice
895 2612 1096 2679 Lachmanno
1118 2631 1185 2679 rem
1207 2619 1370 2694 gesturum
1392 2614 1548 2694 promittit

324 2729 367 2790 ete
383 2741 460 2792 sane
489 2724 540 2790 hic
561 2723 624 2789 illic
645 2723 837 2789 Lachmanni
859 2723 1123 2789 considerationes
1146 2741 1203 2805 pro
1227 2723 1448 2806 disputationis
1470 2743 1548 2790 suae

323 2836 419 2902 habet
437 2821 649 2928 ¹fondamento
679 2834 914 2914 sententiasque
943 2833 987 2899 ibi
1013 2834 1153 2916 prolatas
1175 2834 1291 2916 probat
1312 2839 1345 2900 et
1366 2835 1549 2918 simpliciter

323 2946 448 3029 repetit,
470 2951 576 3013 tamen
599 2942 697 3011 multo
719 2944 862 3026 pluribus
883 2944 959 3011 locis
981 2961 1075 3024 quam
1098 2948 1173 3011 sunt
1193 2945 1226 3010 in
1245 2945 1359 3026 quibus
1374 2945 1548 3012 Lachman-

323 3075 398 3123 num
428 3062 460 3123 et
482 3056 656 3138 Hauptium
684 3075 722 3121 ex
743 3055 886 3121 omuibus
907 3055 1050 3137 partibus
1071 3056 1185 3138 probat
1209 3057 1336 3138 proprio
1358 3057 1460 3124 Marte
1482 3077 1549 3124 rem

324 3170 407 3252 gerit
428 3173 461 3235 et
481 3169 582 3250 legem
603 3166 689 3232 illam
711 3166 900 3249 strophioam
922 3166 1038 3248 optime
1059 3166 1092 3230 in
1114 3165 1257 3249 catalogo
1280 3167 1320 3233 ab
1342 3168 1410 3249 ipso
1429 3167 1549 3235 adhibi-

325 3286 404 3362 tam,
428 3285 595 3363 postquam
617 3278 776 3362 Gruppius
798 3284 832 3344 et
853 3279 1054 3346 Soetbeerius
1076 3278 1109 3342 in
1131 3277 1335 3344 restituendis
1357 3279 1549 3346 carminibus

324 3391 386 3458 illis
409 3390 630 3472 adhibuerunt,
652 3409 691 3455 ex
712 3391 826 3474 quibus
849 3389 1011 3471 conposita
1033 3393 1081 3454 est
1095 3388 1226 3456 Hesiodi
1247 3389 1336 3454 cuius
1351 3390 1410 3455 sub
1425 3390 1549 3457 nomine

326 3503 418 3584 volgo
445 3501 663 3568 circumfertur
690 3501 873 3583 theogonia,
906 3500 947 3565 ad
977 3499 1081 3565 omnia
1110 3499 1248 3565 carmina
1273 3500 1425 3566 transfert
1447 3518 1548 3582 eaque

325 3631 361 3679 re
382 3613 493 3696 poesin
507 3613 706 3679 Homericam
728 3630 792 3678 nou
815 3611 1019 3694 catalogicam
1039 3610 1140 3692 magis
1163 3611 1261 3677 diruit
1283 3614 1315 3676 et
1336 3615 1429 3676 vexat
1450 3629 1546 3692 quam

325 3724 474 3793 restituit.
509 3724 565 3790 sed
588 3724 627 3790 de
650 3742 687 3789 ea
708 3723 778 3805 lege
800 3723 959 3803 strophica
981 3721 1057 3787 nibil
1078 3739 1135 3786 nos
1158 3739 1236 3803 opus
1259 3726 1307 3786 est
1329 3720 1455 3802 addere,
1478 3739 1548 3788 cum

325 3855 360 3904 se
381 3855 542 3920 nunquam
563 3839 692 3917 propter
714 3852 784 3900 eam
806 3853 932 3900 versum
954 3839 1010 3899 aut
1023 3851 1133 3900 versus
1155 3834 1306 3899 amovisse
1329 3834 1421 3900 claris
1444 3835 1549 3901 verbis

324 3949 358 4013 in
380 3946 525 4014 editionis
547 3944 740 4029 praefatione
755 3945 848 4011 dicat.
881 3945 961 4011 aliae
976 3943 1072 4026 igitur
1086 3961 1216 4010 caussae
1231 3962 1302 4008 eum
1317 3948 1549 4026 permoverunt,

324 4063 363 4124 ut
383 4057 575 4124 Lachmanni
596 4057 728 4140 vestigia
757 4057 955 4140 relinqueret.
990 4058 1039 4120 est
1067 4055 1149 4121 enim
1178 4073 1328 4120 novarum
1354 4073 1461 4120 rerum
1483 4061 1550 4121 stu-

325 4170 432 4237 diosus
458 4169 553 4253 idque
579 4188 731 4236 novarum
760 4188 865 4235 rerum
895 4168 1034 4235 studium
1056 4185 1127 4233 eum
1148 4167 1180 4232 in
1203 4168 1298 4234 rebus
1320 4166 1495 4233 Homericis
1517 4167 1548 4231 in
1599 4217 1608 4226 .

324 4280 420 4347 falsas
447 4281 514 4346 uias
542 4280 667 4348 seduxit
694 4279 872 4365 effecitque,
902 4285 1027 4346 utnon
1054 4284 1139 4346 recte
1169 4281 1273 4346 omnia
1295 4281 1550 4364 circumspiceret

324 4409 427 4476 neque
449 4391 589 4460 studiose
611 4398 746 4474 caveret,
769 4411 809 4459 ne
831 4393 902 4477 quis
924 4392 1024 4473 ipsius
1046 4391 1207 4473 opiniones
1222 4390 1362 4457 refutare
1377 4397 1494 4474 posset,
1517 4397 1549 4457 et

325 4505 462 4571 carmina
483 4505 565 4571 alius
587 4521 717 4587 prorsus
739 4504 862 4587 indolis,
885 4503 966 4570 alius
988 4502 1134 4584 ambitus
1157 4503 1238 4573 alius
1259 4504 1383 4586 generis
1399 4523 1436 4570 ac
1451 4503 1549 4570 Lach-

324 4634 458 4682 mannus
491 4618 706 4685 constitueret.
750 4635 857 4682 verum
890 4617 974 4682 enim
1004 4635 1078 4683 vero
1111 4615 1289 4697 ubicunque
1318 4615 1498 4698 Koechlyus
1531 4633 1551 4680 a
