3460 5370
395 1302 472 1418 DE
507 1302 731 1419 illinis
767 1301 950 1418 liuto
987 1300 1187 1418 PRIMO.

592 1831 596 1834 -
713 1811 782 1862 „Scin
796 1812 865 1852 umuli
877 1811 959 1854 aaron
973 1822 1016 1852 nur
1029 1822 1073 1852 wer
1086 1811 1135 1850 eleb
1148 1811 1218 1860 villlg
1232 1813 1329 1860 ergaben
1342 1813 1402 1854 hat.“

1125 1888 1201 1928 Laob
1208 1898 1300 1930 nnnnn

181 2040 423 2169 perlegentibus
451 2086 542 2154 nobis
573 2089 605 2153 et
634 2086 737 2152 animo
759 2069 1001 2170 percipientibus
1024 2084 1134 2153 titulos
1155 2085 1321 2166 librorum,
1350 2087 1404 2166 qui

170 2199 262 2288 ‘inter
278 2197 425 2270 Wolfium
448 2202 481 2263 et
502 2195 736 2263 Lachmannum
759 2198 798 2263 de
820 2196 914 2263 rebus
933 2197 1106 2264 Homericis
1130 2197 1297 2280 conscripti
1319 2201 1402 2277 sunt,

180 2310 281 2392 primo
308 2310 459 2392 adspectu
481 2308 615 2390 adparet
637 2308 716 2374 duas
732 2305 834 2374 'fuisse
857 2307 940 2373 illius
962 2309 1076 2374 aetatis
1098 2309 1338 2374 Homeridarum
1360 2307 1375 2372 f
1393 2346 1403 2354 -

183 2419 316 2500 stiones,
348 2419 479 2487 alteram
500 2418 742 2500 Wolfianorum‚
771 2418 902 2485 alteram
925 2417 1222 2486 Autiuollianorum.
1271 2435 1403 2501 quorum

183 2528 274 2595 alteri
290 2529 436 2598 Wolfiani
451 2529 557 2598 Wolfii
578 2531 721 2613 magistri
743 2547 871 2596 caussas
894 2533 927 2596 et
947 2535 1132 2613 argumenta
1154 2527 1358 2595 firmaverunt
1371 2530 1403 2595 in

183 2640 311 2722 eiusque
330 2641 444 2708 studiis
462 2641 667 2708 libentissime
683 2644 888 2724 perrexerunt
904 2659 1005 2722 neque
1020 2639 1196 2723 defuerunt,
1212 2640 1266 2723 qui
1280 2641 1403 2722 longius

181 2752 338 2834 progressi
359 2751 426 2817 sola
448 2751 611 2819 ambarum
633 2752 723 2832 quasi
746 2752 964 2834 epopoeiarum
987 2752 1106 2834 anulysi
1131 2771 1198 2818 rem
1212 2752 1253 2816 ad
1267 2751 1403 2835 aliquem

181 2861 274 2928 linem
301 2862 431 2946 perduci
460 2880 553 2943 posse
581 2868 614 2929 et
634 2860 858 2944 interlegerent
880 2867 912 2928 et
933 2861 1165 2940 confiterentur.
1205 2869 1300 2946 atque
1322 2864 1404 2928 inter

181 2971 238 3039 hos
258 2972 384 3053 quidem
406 2977 488 3056 sunt,
511 2973 566 3056 qni
587 2973 677 3055 quasi
700 2971 874 3060 πρόδρομοι
889 2971 1082 3040 Lachmanni
1103 2992 1141 3038 ex
1163 2974 1226 3055 eis*
1241 2991 1322 3053 quae
1337 2973 1404 3055 pbi-

180 3081 302 3166 lologus
329 3083 381 3148 ille
409 3084 600 3150 clarissimus
629 3088 739 3164 postea
767 3082 931 3164 perspicue
961 3073 1201 3167 demonstravit,
1232 3103 1294 3149 non
1316 3085 1402 3149 nulla

181 3193 355 3276 snbspicati
377 3197 460 3262 sunt.
494 3211 627 3274 quornm
650 3213 688 3260 ex
708 3212 838 3260 numero
853 3212 951 3259 unum
965 3192 1120 3259 Geistium
1134 3193 1167 3260 in
1182 3194 1403 3260 additamentis

182 3305 222 3372 ad
244 3304 438 3371 Lachmanni
460 3304 725 3372 considerationes
747 3305 924 3386 Hauptius,
946 3305 1081 3372 alterurn
1105 3303 1139 3370 Ο.
1157 3305 1206 3370 W.
1226 3305 1402 3386 Kayserum

181 3419 214 3483 in
243 3417 365 3501 libello,
394 3417 449 3502 qni
475 3415 656 3484 inscribitur
676 3417 794 3482 Homer
816 3417 881 3483 und
903 3417 959 3482 der
981 3416 1108 3499 episohe
1129 3415 1255 3498 byblos,
1285 3417 1404 3482 Duent-

182 3549 273 3596 zerns
296 3535 382 3597 recte
402 3530 520 3597 laudat.
553 3548 686 3613 quorum
703 3529 755 3594 ille
777 3528 810 3594 in
831 3535 1062 3611 programmate
1077 3527 1247 3594 Giessiensi
1262 3528 1316 3594 diu
1331 3532 1405 3593 ante

183 3638 415 3706 Lachmannum
430 3641 572 3725 quintam
591 3641 699 3707 iliadis
714 3640 915 3722 rhapsodiam
931 3639 1079 3706 tractavit
1096 3645 1129 3706 et
1146 3639 1327 3721 posterioris
1345 3639 1406 3704 ori-

184 3749 264 3831 ginis
279 3769 347 3818 esse
361 3751 596 3832 demonstrauit,
617 3751 668 3818 hic
683 3751 934 3817 dissertationem
950 3752 988 3817 de
1004 3751 1226 3832 interpolatore
1240 3751 1406 3816 Homerico

183 3861 377 3946 alloechlyo
393 3862 554 3930 laudatam
573 3861 768 3945 conscripsit.
798 3880 906 3927 verum
925 3861 1007 3927 enirn
1026 3880 1100 3928 uero
1121 3879 1158 3926 ex
1176 3861 1318 3927 omnibus
1335 3861 1404 3943 illis,

183 3972 238 4056 qui
266 3977 340 4039 ante
362 3973 596 4041 Lachmannum
625 3973 663 4039 de
686 3970 796 4038 Iliadis
820 3971 1040 4054 Odysseaeque
1063 3971 1183 4054 origine
1206 3991 1276 4038 curn
1295 3970 1407 4038 Wolfio

184 4087 363 4166 senserunt,
396 4103 487 4150 nemo
520 4103 601 4167 quae
625 4082 757 4150 Wolfius
787 4089 933 4167 coeperat
962 4102 999 4150 ea
1028 4104 1066 4151 ex
1093 4085 1236 4154 omuibus
1264 4085 1407 4166 partibus

184 4193 224 4259 ad
252 4193 345 4260 finem
367 4194 519 4277 exigenda
540 4195 599 4261 sibi
628 4195 769 4276 sumpsit.
803 4201 922 4261 rectam
945 4200 978 4261 et
999 4195 1090 4261 unice
1112 4201 1218 4278 aptam
1240 4195 1322 4259 viam
1345 4213 1408 4259 om-

185 4304 271 4370 nium
293 4304 413 4387 primus
435 4307 595 4388 ingressus
613 4306 833 4372 Lachmannus
857 4311 914 4372 est.
947 4305 1001 4385 qui
1023 4307 1148 4386 quidem
1171 4324 1241 4370 curn
1261 4305 1408 4370 etWollii

185 4414 413 4500 prolegomenis
434 4420 469 4482 et
490 4417 589 4497 ipsius
612 4417 649 4483 de
673 4416 863 4484 carminibus
886 4434 967 4496 quae
989 4419 1065 4480 sunt
1087 4417 1125 4480 de
1148 4415 1331 4496 Nibelungis
1349 4413 1408 4499 ¹(de

185 4526 299 4611 quibus
318 4527 453 4610 primum
467 4526 580 4594 habita
598 4527 629 4593 in
642 4529 729 4594 initio
741 4525 966 4595 Wolfianarum
979 4526 1018 4590 dc
1036 4525 1224 4592 carminibus
1235 4525 1408 4591 Homericis

186 4638 414 4706 sententiarum
440 4639 579 4720 ratione,
608 4639 665 4704 sed
691 4638 778 4721 ilico,
807 4643 843 4704 nt
872 4657 941 4705 cum
972 4636 1205 4704 Muelleuhoffio
1234 4636 1408 4720 loquamur,

1191 4745 1204 4796 r
