<?xml version="1.0" encoding="UTF-8"?>
<!DOCTYPE html PUBLIC "-//W3C//DTD XHTML 1.0 Transitional//EN"
    "http://www.w3.org/TR/xhtml1/DTD/xhtml1-transitional.dtd">
<html xmlns="http://www.w3.org/1999/xhtml" xml:lang="en" lang="en">
 <head>
  <title>
</title>
<meta http-equiv="Content-Type" content="text/html;charset=utf-8" />
  <meta name='ocr-system' content='tesseract 3.04.00' />
  <meta name='ocr-capabilities' content='ocr_page ocr_carea ocr_par ocr_line ocrx_word'/>
</head>
<body>
  <div class='ocr_page' id='page_1' title='image "./deiliadislibrop00benigoog_0014.png"; bbox 0 0 3460 5370; ppageno 0'>
   <div class='ocr_carea' id='block_1_1' title="bbox 749 409 941 467">
    <p class='ocr_par' dir='ltr' id='par_1_1' title="bbox 749 409 941 467">
     <span class='ocr_line' id='line_1_1' title="bbox 749 409 941 467; baseline 0 -18"><span class='ocrx_word' id='word_1_1' title='bbox 749 409 941 467; x_wconf 76' lang='grc'>..7-</span> 
     </span>
    </p>
   </div>
   <div class='ocr_carea' id='block_1_2' title="bbox 229 589 1457 1890">
    <p class='ocr_par' dir='ltr' id='par_1_2' title="bbox 229 589 1457 1890">
     <span class='ocr_line' id='line_1_2' title="bbox 233 589 1457 675; baseline 0.005 -21"><span class='ocrx_word' id='word_1_2' title='bbox 233 589 431 656; x_wconf 89' lang='lat' dir='ltr'>Lachmanno</span> <span class='ocrx_word' id='word_1_3' title='bbox 459 593 492 654; x_wconf 92' lang='lat' dir='ltr'>et</span> <span class='ocrx_word' id='word_1_4' title='bbox 512 589 652 672; x_wconf 90' lang='lat' dir='ltr'>Hauptio</span> <span class='ocrx_word' id='word_1_5' title='bbox 678 591 822 667; x_wconf 84' lang='lat' dir='ltr'>recessit,</span> <span class='ocrx_word' id='word_1_6' title='bbox 850 591 894 657; x_wconf 95' lang='lat' dir='ltr'>ibi</span> <span class='ocrx_word' id='word_1_7' title='bbox 921 597 954 656; x_wconf 85' lang='lat' dir='ltr'>et</span> <span class='ocrx_word' id='word_1_8' title='bbox 981 591 1047 656; x_wconf 92' lang='lat' dir='ltr'>snis</span> <span class='ocrx_word' id='word_1_9' title='bbox 1075 592 1173 674; x_wconf 91' lang='lat' dir='ltr'>ipsius</span> <span class='ocrx_word' id='word_1_10' title='bbox 1201 593 1400 675; x_wconf 83' lang='lat' dir='ltr'><strong>opinionibus</strong></span> <span class='ocrx_word' id='word_1_11' title='bbox 1423 599 1457 663; x_wconf 88' lang='grc'>11</span> 
     </span>
     <span class='ocr_line' id='line_1_3' title="bbox 233 700 1455 785; baseline 0.006 -20"><span class='ocrx_word' id='word_1_12' title='bbox 233 700 424 766; x_wconf 89' lang='lat' dir='ltr'>Lachmanni</span> <span class='ocrx_word' id='word_1_13' title='bbox 450 701 505 784; x_wconf 93' lang='lat' dir='ltr'>qui</span> <span class='ocrx_word' id='word_1_14' title='bbox 532 702 652 781; x_wconf 91' lang='lat' dir='ltr'>omnia,</span> <span class='ocrx_word' id='word_1_15' title='bbox 680 719 762 782; x_wconf 91' lang='lat' dir='ltr'>quae</span> <span class='ocrx_word' id='word_1_16' title='bbox 784 702 844 768; x_wconf 93' lang='lat' dir='ltr'>sibi</span> <span class='ocrx_word' id='word_1_17' title='bbox 866 701 1034 783; x_wconf 87' lang='lat' dir='ltr'>aliquando</span> <span class='ocrx_word' id='word_1_18' title='bbox 1056 701 1136 768; x_wconf 91' lang='lat' dir='ltr'>obici</span> <span class='ocrx_word' id='word_1_19' title='bbox 1156 721 1266 785; x_wconf 88' lang='lat' dir='ltr'>posse,</span> <span class='ocrx_word' id='word_1_20' title='bbox 1287 723 1358 770; x_wconf 91' lang='lat' dir='ltr'>cum</span> <span class='ocrx_word' id='word_1_21' title='bbox 1379 707 1455 772; x_wconf 90' lang='lat' dir='ltr'>scri·</span> 
     </span>
     <span class='ocr_line' id='line_1_4' title="bbox 233 811 1455 895; baseline 0.004 -18"><span class='ocrx_word' id='word_1_22' title='bbox 233 813 329 892; x_wconf 91' lang='lat' dir='ltr'>beret,</span> <span class='ocrx_word' id='word_1_23' title='bbox 352 811 580 892; x_wconf 90' lang='lat' dir='ltr'>suspicabatur,</span> <span class='ocrx_word' id='word_1_24' title='bbox 609 811 750 895; x_wconf 91' lang='lat' dir='ltr'>inplicite</span> <span class='ocrx_word' id='word_1_25' title='bbox 772 831 830 878; x_wconf 89' lang='lat' dir='ltr'>suo</span> <span class='ocrx_word' id='word_1_26' title='bbox 852 830 939 878; x_wconf 93' lang='lat' dir='ltr'>more</span> <span class='ocrx_word' id='word_1_27' title='bbox 960 812 1116 893; x_wconf 83' lang='lat' dir='ltr'><strong>modoque</strong></span> <span class='ocrx_word' id='word_1_28' title='bbox 1136 814 1204 879; x_wconf 90' lang='lat' dir='ltr'>sine</span> <span class='ocrx_word' id='word_1_29' title='bbox 1225 814 1273 880; x_wconf 90' lang='lat' dir='ltr'>ira</span> <span class='ocrx_word' id='word_1_30' title='bbox 1295 819 1328 880; x_wconf 91' lang='grc'>11</span> <span class='ocrx_word' id='word_1_31' title='bbox 1349 817 1455 882; x_wconf 91' lang='lat' dir='ltr'>studio</span> 
     </span>
     <span class='ocr_line' id='line_1_5' title="bbox 231 921 1455 1004; baseline 0.005 -18"><span class='ocrx_word' id='word_1_32' title='bbox 231 922 297 986; x_wconf 85' lang='lat' dir='ltr'>veri</span> <span class='ocrx_word' id='word_1_33' title='bbox 332 921 493 1004; x_wconf 87' lang='lat' dir='ltr'>potentiae</span> <span class='ocrx_word' id='word_1_34' title='bbox 525 921 661 987; x_wconf 87' lang='lat' dir='ltr'>confisus</span> <span class='ocrx_word' id='word_1_35' title='bbox 691 921 843 988; x_wconf 83' lang='lat' dir='ltr'>refutavit</span> <span class='ocrx_word' id='word_1_36' title='bbox 828 923 994 988; x_wconf 91' lang='lat' dir='ltr'>tcaussis</span> <span class='ocrx_word' id='word_1_37' title='bbox 1026 922 1171 989; x_wconf 85' lang='lat' dir='ltr'>facillime</span> <span class='ocrx_word' id='word_1_38' title='bbox 1206 929 1312 1004; x_wconf 87' lang='lat' dir='ltr'>potest</span> <span class='ocrx_word' id='word_1_39' title='bbox 1346 927 1455 992; x_wconf 82' lang='lat' dir='ltr'>refelli</span> 
     </span>
     <span class='ocr_line' id='line_1_6' title="bbox 230 1032 1456 1116; baseline 0.003 -18"><span class='ocrx_word' id='word_1_40' title='bbox 230 1032 380 1098; x_wconf 84' lang='lat' dir='ltr'><strong>vellemus</strong></span> <span class='ocrx_word' id='word_1_41' title='bbox 402 1033 500 1116; x_wconf 83' lang='lat' dir='ltr'>igilur</span> <span class='ocrx_word' id='word_1_42' title='bbox 521 1033 599 1096; x_wconf 90' lang='lat' dir='ltr'>nihil</span> <span class='ocrx_word' id='word_1_43' title='bbox 621 1033 693 1097; x_wconf 84' lang='lat' dir='ltr'>novi</span> <span class='ocrx_word' id='word_1_44' title='bbox 713 1033 802 1098; x_wconf 93' lang='lat' dir='ltr'>illum</span> <span class='ocrx_word' id='word_1_45' title='bbox 823 1033 991 1114; x_wconf 80' lang='lat' dir='ltr'>addidisse,</span> <span class='ocrx_word' id='word_1_46' title='bbox 1013 1033 1100 1098; x_wconf 90' lang='lat' dir='ltr'>sed</span> <span class='ocrx_word' id='word_1_47' title='bbox 1091 1052 1123 1097; x_wconf 90' lang='lat' dir='ltr'>rn</span> <span class='ocrx_word' id='word_1_48' title='bbox 1145 1034 1337 1116; x_wconf 78' lang='lat' dir='ltr'>explicandis</span> <span class='ocrx_word' id='word_1_49' title='bbox 1355 1035 1456 1102; x_wconf 86' lang='lat' dir='ltr'>Lach-</span> 
     </span>
     <span class='ocr_line' id='line_1_7' title="bbox 230 1109 1456 1226; baseline 0.002 -18"><span class='ocrx_word' id='word_1_50' title='bbox 230 1144 336 1208; x_wconf 89' lang='lat' dir='ltr'>manni</span> <span class='ocrx_word' id='word_1_51' title='bbox 351 1144 516 1210; x_wconf 85' lang='lat' dir='ltr'>sententiis</span> <span class='ocrx_word' id='word_1_52' title='bbox 531 1144 687 1224; x_wconf 85' lang='lat' dir='ltr'>quievisse</span> <span class='ocrx_word' id='word_1_53' title='bbox 698 1149 739 1224; x_wconf 82' lang='lat' dir='ltr'>et,</span> <span class='ocrx_word' id='word_1_54' title='bbox 755 1144 788 1209; x_wconf 92' lang='lat' dir='ltr'>id</span> <span class='ocrx_word' id='word_1_55' title='bbox 798 1144 883 1224; x_wconf 90' lang='lat' dir='ltr'>quod</span> <span class='ocrx_word' id='word_1_56' title='bbox 894 1143 1115 1210; x_wconf 88' lang='lat' dir='ltr'>Lachmannus</span> <span class='ocrx_word' id='word_1_57' title='bbox 1126 1149 1160 1210; x_wconf 94' lang='lat' dir='ltr'>et</span> <span class='ocrx_word' id='word_1_58' title='bbox 1169 1145 1349 1226; x_wconf 88' lang='lat' dir='ltr'>Hauptius</span> <span class='ocrx_word' id='word_1_59' title='bbox 1338 1109 1456 1211; x_wconf 87' lang='lat' dir='ltr'>minna</span> 
     </span>
     <span class='ocr_line' id='line_1_8' title="bbox 231 1253 1454 1338; baseline 0.003 -19"><span class='ocrx_word' id='word_1_60' title='bbox 231 1253 443 1336; x_wconf 84' lang='lat' dir='ltr'>neglexerrmt,</span> <span class='ocrx_word' id='word_1_61' title='bbox 466 1255 605 1321; x_wconf 85' lang='lat' dir='ltr'>camnine</span> <span class='ocrx_word' id='word_1_62' title='bbox 627 1255 696 1321; x_wconf 92' lang='lat' dir='ltr'>de</span> <span class='ocrx_word' id='word_1_63' title='bbox 687 1274 736 1320; x_wconf 87' lang='lat' dir='ltr'>rra</span> <span class='ocrx_word' id='word_1_64' title='bbox 755 1255 885 1330; x_wconf 79' lang='lat' dir='ltr'>Achillis</span> <span class='ocrx_word' id='word_1_65' title='bbox 906 1255 949 1318; x_wconf 90' lang='lat' dir='ltr'>ad</span> <span class='ocrx_word' id='word_1_66' title='bbox 964 1254 1157 1320; x_wconf 89' lang='lat' dir='ltr'>Lachmanni</span> <span class='ocrx_word' id='word_1_67' title='bbox 1178 1261 1212 1320; x_wconf 90' lang='grc'>11</span> <span class='ocrx_word' id='word_1_68' title='bbox 1231 1255 1364 1338; x_wconf 87' lang='lat' dir='ltr'>Hauptii</span> <span class='ocrx_word' id='word_1_69' title='bbox 1385 1277 1454 1323; x_wconf 89' lang='lat' dir='ltr'>sen·</span> 
     </span>
     <span class='ocr_line' id='line_1_9' title="bbox 231 1365 1454 1450; baseline 0.002 -22"><span class='ocrx_word' id='word_1_70' title='bbox 231 1365 345 1430; x_wconf 78' lang='lat' dir='ltr'>tentiae</span> <span class='ocrx_word' id='word_1_71' title='bbox 367 1365 459 1430; x_wconf 89' lang='lat' dir='ltr'>unice</span> <span class='ocrx_word' id='word_1_72' title='bbox 479 1369 583 1431; x_wconf 90' lang='lat' dir='ltr'>rectas</span> <span class='ocrx_word' id='word_1_73' title='bbox 604 1367 636 1431; x_wconf 96' lang='lat' dir='ltr'>in</span> <span class='ocrx_word' id='word_1_74' title='bbox 658 1367 815 1448; x_wconf 86' lang='lat' dir='ltr'>integrum</span> <span class='ocrx_word' id='word_1_75' title='bbox 836 1366 984 1432; x_wconf 86' lang='lat' dir='ltr'>restituta</span> <span class='ocrx_word' id='word_1_76' title='bbox 1001 1365 1146 1430; x_wconf 85' lang='lat' dir='ltr'>edidisse.</span> <span class='ocrx_word' id='word_1_77' title='bbox 1180 1365 1266 1445; x_wconf 91' lang='lat' dir='ltr'>quod</span> <span class='ocrx_word' id='word_1_78' title='bbox 1283 1367 1312 1431; x_wconf 93' lang='lat' dir='ltr'>si</span> <span class='ocrx_word' id='word_1_79' title='bbox 1329 1366 1382 1431; x_wconf 91' lang='lat' dir='ltr'>ille</span> <span class='ocrx_word' id='word_1_80' title='bbox 1396 1387 1454 1450; x_wconf 89' lang='lat' dir='ltr'>per</span> 
     </span>
     <span class='ocr_line' id='line_1_10' title="bbox 230 1475 1455 1558; baseline 0.002 -17"><span class='ocrx_word' id='word_1_81' title='bbox 230 1475 363 1541; x_wconf 92' lang='lat' dir='ltr'>multum</span> <span class='ocrx_word' id='word_1_82' title='bbox 395 1481 519 1557; x_wconf 92' lang='lat' dir='ltr'>tempus</span> <span class='ocrx_word' id='word_1_83' title='bbox 550 1477 673 1558; x_wconf 79' lang='lat' dir='ltr'>patriae</span> <span class='ocrx_word' id='word_1_84' title='bbox 702 1478 774 1542; x_wconf 81' lang='lat' dir='ltr'>exul</span> <span class='ocrx_word' id='word_1_85' title='bbox 814 1496 897 1542; x_wconf 93' lang='lat' dir='ltr'>nunc</span> <span class='ocrx_word' id='word_1_86' title='bbox 923 1477 1009 1556; x_wconf 91' lang='lat' dir='ltr'>quod</span> <span class='ocrx_word' id='word_1_87' title='bbox 1037 1494 1095 1541; x_wconf 91' lang='lat' dir='ltr'>nos</span> <span class='ocrx_word' id='word_1_88' title='bbox 1122 1476 1300 1542; x_wconf 85' lang='lat' dir='ltr'>vehementi</span> <span class='ocrx_word' id='word_1_89' title='bbox 1332 1477 1455 1545; x_wconf 85' lang='lat' dir='ltr'>laetitia</span> 
     </span>
     <span class='ocr_line' id='line_1_11' title="bbox 230 1585 1452 1669; baseline 0.002 -18"><span class='ocrx_word' id='word_1_90' title='bbox 230 1585 346 1660; x_wconf 89' lang='lat' dir='ltr'>adfecit</span> <span class='ocrx_word' id='word_1_91' title='bbox 376 1586 410 1652; x_wconf 95' lang='lat' dir='ltr'>in</span> <span class='ocrx_word' id='word_1_92' title='bbox 442 1587 563 1667; x_wconf 87' lang='lat' dir='ltr'>patriae</span> <span class='ocrx_word' id='word_1_93' title='bbox 598 1586 786 1653; x_wconf 85' lang='lat' dir='ltr'>Germaniae</span> <span class='ocrx_word' id='word_1_94' title='bbox 819 1587 1033 1652; x_wconf 84' lang='lat' dir='ltr'>universitatis</span> <span class='ocrx_word' id='word_1_95' title='bbox 1064 1585 1278 1669; x_wconf 74' lang='lat' dir='ltr'>professorem</span> <span class='ocrx_word' id='word_1_96' title='bbox 1305 1606 1452 1654; x_wconf 85' lang='lat' dir='ltr'>reversus</span> 
     </span>
     <span class='ocr_line' id='line_1_12' title="bbox 230 1695 1452 1782; baseline 0.002 -20"><span class='ocrx_word' id='word_1_97' title='bbox 230 1695 354 1782; x_wconf 78' lang='grc'><strong>11111111</strong></span> <span class='ocrx_word' id='word_1_98' title='bbox 374 1715 476 1779; x_wconf 91' lang='lat' dir='ltr'>neque</span> <span class='ocrx_word' id='word_1_99' title='bbox 497 1698 594 1762; x_wconf 92' lang='lat' dir='ltr'>nimia</span> <span class='ocrx_word' id='word_1_100' title='bbox 614 1715 764 1764; x_wconf 84' lang='lat' dir='ltr'>novarum</span> <span class='ocrx_word' id='word_1_101' title='bbox 786 1717 892 1764; x_wconf 90' lang='lat' dir='ltr'>rernm</span> <span class='ocrx_word' id='word_1_102' title='bbox 913 1698 1087 1780; x_wconf 86' lang='lat' dir='ltr'>cupiditate</span> <span class='ocrx_word' id='word_1_103' title='bbox 1100 1697 1225 1778; x_wconf 84' lang='lat' dir='ltr'>longius</span> <span class='ocrx_word' id='word_1_104' title='bbox 1238 1699 1452 1781; x_wconf 84' lang='lat' dir='ltr'>processisset,</span> 
     </span>
     <span class='ocr_line' id='line_1_13' title="bbox 229 1807 1452 1890; baseline 0.003 -20"><span class='ocrx_word' id='word_1_105' title='bbox 229 1807 321 1890; x_wconf 93' lang='lat' dir='ltr'>plura</span> <span class='ocrx_word' id='word_1_106' title='bbox 341 1812 426 1873; x_wconf 86' lang='lat' dir='ltr'>certe</span> <span class='ocrx_word' id='word_1_107' title='bbox 448 1807 478 1873; x_wconf 92' lang='lat' dir='ltr'>ei</span> <span class='ocrx_word' id='word_1_108' title='bbox 498 1808 692 1874; x_wconf 88' lang='lat' dir='ltr'>deberemus.</span> <span class='ocrx_word' id='word_1_109' title='bbox 719 1809 775 1875; x_wconf 93' lang='lat' dir='ltr'>sed</span> <span class='ocrx_word' id='word_1_110' title='bbox 793 1809 827 1872; x_wconf 94' lang='lat' dir='ltr'>id</span> <span class='ocrx_word' id='word_1_111' title='bbox 842 1827 904 1874; x_wconf 94' lang='lat' dir='ltr'>non</span> <span class='ocrx_word' id='word_1_112' title='bbox 922 1807 1005 1886; x_wconf 82' lang='lat' dir='ltr'>lecit,</span> <span class='ocrx_word' id='word_1_113' title='bbox 1027 1807 1216 1887; x_wconf 86' lang='lat' dir='ltr'>quinetiam</span> <span class='ocrx_word' id='word_1_114' title='bbox 1235 1813 1363 1889; x_wconf 86' lang='lat' dir='ltr'>praeter</span> <span class='ocrx_word' id='word_1_115' title='bbox 1381 1809 1452 1874; x_wconf 90' lang='lat' dir='ltr'>illas</span> 
     </span>
    </p>
   </div>
   <div class='ocr_carea' id='block_1_3' title="bbox 13 1899 1452 2666">
    <p class='ocr_par' dir='ltr' id='par_1_3' title="bbox 13 1899 1452 2666">
     <span class='ocr_line' id='line_1_14' title="bbox 230 1899 1452 2000; baseline 0.001 -17"><span class='ocrx_word' id='word_1_116' title='bbox 230 1919 269 1983; x_wconf 89' lang='lat' dir='ltr'>de</span> <span class='ocrx_word' id='word_1_117' title='bbox 298 1899 406 1984; x_wconf 76' lang='lat' dir='ltr'>Iliadis</span> <span class='ocrx_word' id='word_1_118' title='bbox 433 1920 622 1985; x_wconf 81' lang='lat' dir='ltr'>carminibus</span> <span class='ocrx_word' id='word_1_119' title='bbox 652 1923 774 2000; x_wconf 85' lang='lat' dir='ltr'>septem</span> <span class='ocrx_word' id='word_1_120' title='bbox 796 1919 1033 1983; x_wconf 84' lang='lat' dir='ltr'>dissertationes</span> <span class='ocrx_word' id='word_1_121' title='bbox 1055 1917 1187 1983; x_wconf 87' lang='lat' dir='ltr'>iliadem</span> <span class='ocrx_word' id='word_1_122' title='bbox 1206 1937 1336 2000; x_wconf 84' lang='lat' dir='ltr'>parvam</span> <span class='ocrx_word' id='word_1_123' title='bbox 1358 1918 1452 2000; x_wconf 87' lang='lat' dir='ltr'>(male</span> 
     </span>
     <span class='ocr_line' id='line_1_15' title="bbox 229 2027 1452 2111; baseline 0.001 -17"><span class='ocrx_word' id='word_1_124' title='bbox 229 2030 275 2094; x_wconf 91' lang='lat' dir='ltr'>ita</span> <span class='ocrx_word' id='word_1_125' title='bbox 301 2029 418 2094; x_wconf 90' lang='lat' dir='ltr'>abusus</span> <span class='ocrx_word' id='word_1_126' title='bbox 446 2035 497 2095; x_wconf 89' lang='lat' dir='ltr'>est</span> <span class='ocrx_word' id='word_1_127' title='bbox 517 2028 646 2094; x_wconf 90' lang='lat' dir='ltr'>Lescbis</span> <span class='ocrx_word' id='word_1_128' title='bbox 673 2030 841 2111; x_wconf 89' lang='lat' dir='ltr'>epopoeiae</span> <span class='ocrx_word' id='word_1_129' title='bbox 871 2027 1004 2110; x_wconf 86' lang='lat' dir='ltr'>cyclicae</span> <span class='ocrx_word' id='word_1_130' title='bbox 1031 2028 1143 2104; x_wconf 89' lang='lat' dir='ltr'>titulo)</span> <span class='ocrx_word' id='word_1_131' title='bbox 1164 2028 1185 2093; x_wconf 86' lang='lat' dir='ltr'>i.</span> <span class='ocrx_word' id='word_1_132' title='bbox 1204 2047 1230 2094; x_wconf 88' lang='lat' dir='ltr'>a</span> <span class='ocrx_word' id='word_1_133' title='bbox 1248 2027 1356 2095; x_wconf 87' lang='lat' dir='ltr'>llindis</span> <span class='ocrx_word' id='word_1_134' title='bbox 1384 2047 1452 2094; x_wconf 89' lang='lat' dir='ltr'>car·</span> 
     </span>
     <span class='ocr_line' id='line_1_16' title="bbox 229 2138 1451 2221; baseline 0.002 -18"><span class='ocrx_word' id='word_1_135' title='bbox 229 2139 313 2205; x_wconf 89' lang='lat' dir='ltr'>mina</span> <span class='ocrx_word' id='word_1_136' title='bbox 333 2140 418 2205; x_wconf 91' lang='lat' dir='ltr'>XVI.</span> <span class='ocrx_word' id='word_1_137' title='bbox 440 2139 482 2203; x_wconf 91' lang='lat' dir='ltr'>ad</span> <span class='ocrx_word' id='word_1_138' title='bbox 503 2140 603 2221; x_wconf 91' lang='lat' dir='ltr'>ipsius</span> <span class='ocrx_word' id='word_1_139' title='bbox 626 2139 787 2220; x_wconf 92' lang='lat' dir='ltr'>opiniones</span> <span class='ocrx_word' id='word_1_140' title='bbox 808 2138 1018 2219; x_wconf 86' lang='lat' dir='ltr'>libidinesque</span> <span class='ocrx_word' id='word_1_141' title='bbox 1031 2144 1212 2205; x_wconf 77' lang='lat' dir='ltr'>constructa</span> <span class='ocrx_word' id='word_1_142' title='bbox 1224 2158 1288 2206; x_wconf 95' lang='lat' dir='ltr'>non</span> <span class='ocrx_word' id='word_1_143' title='bbox 1302 2139 1451 2206; x_wconf 81' lang='lat' dir='ltr'>rcstitrrta</span> 
     </span>
     <span class='ocr_line' id='line_1_17' title="bbox 13 2248 1451 2331; baseline -0.001 -16"><span class='ocrx_word' id='word_1_144' title='bbox 13 2259 16 2274; x_wconf 85' lang='lat'>&#39;</span> <span class='ocrx_word' id='word_1_145' title='bbox 116 2312 124 2326; x_wconf 82' lang='lat'>‚</span> <span class='ocrx_word' id='word_1_146' title='bbox 228 2250 405 2316; x_wconf 90' lang='lat' dir='ltr'>scholarum</span> <span class='ocrx_word' id='word_1_147' title='bbox 431 2250 464 2315; x_wconf 91' lang='lat' dir='ltr'>in</span> <span class='ocrx_word' id='word_1_148' title='bbox 491 2267 584 2314; x_wconf 91' lang='lat' dir='ltr'>usum</span> <span class='ocrx_word' id='word_1_149' title='bbox 610 2249 718 2314; x_wconf 83' lang='lat' dir='ltr'>edidit</span> <span class='ocrx_word' id='word_1_150' title='bbox 755 2249 811 2315; x_wconf 92' lang='lat' dir='ltr'>sed</span> <span class='ocrx_word' id='word_1_151' title='bbox 837 2267 909 2315; x_wconf 95' lang='lat' dir='ltr'>cum</span> <span class='ocrx_word' id='word_1_152' title='bbox 930 2249 982 2314; x_wconf 90' lang='lat' dir='ltr'>ille</span> <span class='ocrx_word' id='word_1_153' title='bbox 1004 2248 1096 2313; x_wconf 91' lang='lat' dir='ltr'>nimis</span> <span class='ocrx_word' id='word_1_154' title='bbox 1117 2249 1182 2315; x_wconf 90' lang='lat' dir='ltr'>late</span> <span class='ocrx_word' id='word_1_155' title='bbox 1203 2255 1355 2331; x_wconf 84' lang='lat' dir='ltr'>evagetur</span> <span class='ocrx_word' id='word_1_156' title='bbox 1375 2255 1451 2316; x_wconf 90' lang='lat' dir='ltr'>eta</span> 
     </span>
     <span class='ocr_line' id='line_1_18' title="bbox 228 2358 1452 2444; baseline -0.001 -18"><span class='ocrx_word' id='word_1_157' title='bbox 228 2361 419 2428; x_wconf 85' lang='lat' dir='ltr'>Lachmanni</span> <span class='ocrx_word' id='word_1_158' title='bbox 441 2365 474 2427; x_wconf 92' lang='lat' dir='ltr'>et</span> <span class='ocrx_word' id='word_1_159' title='bbox 494 2361 625 2444; x_wconf 86' lang='lat' dir='ltr'>Hauptii</span> <span class='ocrx_word' id='word_1_160' title='bbox 651 2361 817 2426; x_wconf 90' lang='lat' dir='ltr'>sententiis</span> <span class='ocrx_word' id='word_1_161' title='bbox 837 2360 932 2426; x_wconf 90' lang='lat' dir='ltr'>rectis</span> <span class='ocrx_word' id='word_1_162' title='bbox 954 2365 986 2426; x_wconf 85' lang='lat' dir='ltr'>et</span> <span class='ocrx_word' id='word_1_163' title='bbox 1008 2359 1126 2441; x_wconf 89' lang='lat' dir='ltr'>optime</span> <span class='ocrx_word' id='word_1_164' title='bbox 1146 2358 1235 2425; x_wconf 79' lang='lat' dir='ltr'>tultis</span> <span class='ocrx_word' id='word_1_165' title='bbox 1256 2379 1296 2427; x_wconf 87' lang='lat' dir='ltr'>ex</span> <span class='ocrx_word' id='word_1_166' title='bbox 1316 2360 1452 2425; x_wconf 85' lang='lat' dir='ltr'>maxima</span> 
     </span>
     <span class='ocr_line' id='line_1_19' title="bbox 226 2469 1451 2556; baseline -0.002 -18"><span class='ocrx_word' id='word_1_167' title='bbox 226 2477 317 2556; x_wconf 88' lang='lat' dir='ltr'>parte</span> <span class='ocrx_word' id='word_1_168' title='bbox 334 2473 462 2538; x_wconf 90' lang='lat' dir='ltr'>recedat</span> <span class='ocrx_word' id='word_1_169' title='bbox 487 2477 519 2538; x_wconf 90' lang='lat' dir='ltr'>et</span> <span class='ocrx_word' id='word_1_170' title='bbox 535 2469 615 2537; x_wconf 88' lang='lat' dir='ltr'>falsa</span> <span class='ocrx_word' id='word_1_171' title='bbox 632 2471 732 2536; x_wconf 84' lang='lat' dir='ltr'>multa</span> <span class='ocrx_word' id='word_1_172' title='bbox 747 2470 880 2552; x_wconf 77' lang='lat' dir='ltr'>adferat,</span> <span class='ocrx_word' id='word_1_173' title='bbox 901 2489 1035 2552; x_wconf 90' lang='lat' dir='ltr'>quorum</span> <span class='ocrx_word' id='word_1_174' title='bbox 1053 2489 1160 2552; x_wconf 78' lang='grc'><strong>11111111,</strong></span> <span class='ocrx_word' id='word_1_175' title='bbox 1184 2471 1269 2552; x_wconf 90' lang='lat' dir='ltr'>quod</span> <span class='ocrx_word' id='word_1_176' title='bbox 1286 2489 1325 2536; x_wconf 82' lang='lat' dir='ltr'>cx</span> <span class='ocrx_word' id='word_1_177' title='bbox 1344 2470 1451 2537; x_wconf 90' lang='lat' dir='ltr'>moltis</span> 
     </span>
     <span class='ocr_line' id='line_1_20' title="bbox 227 2579 1452 2666; baseline 0 -18"><span class='ocrx_word' id='word_1_178' title='bbox 227 2581 406 2663; x_wconf 74' lang='lat' dir='ltr'>adterimur,</span> <span class='ocrx_word' id='word_1_179' title='bbox 428 2583 460 2648; x_wconf 93' lang='lat' dir='ltr'>in</span> <span class='ocrx_word' id='word_1_180' title='bbox 481 2601 518 2647; x_wconf 92' lang='lat' dir='ltr'>eo</span> <span class='ocrx_word' id='word_1_181' title='bbox 534 2589 592 2662; x_wconf 88' lang='lat' dir='ltr'>est,</span> <span class='ocrx_word' id='word_1_182' title='bbox 614 2582 699 2665; x_wconf 89' lang='lat' dir='ltr'>quod</span> <span class='ocrx_word' id='word_1_183' title='bbox 712 2582 785 2648; x_wconf 94' lang='lat' dir='ltr'>libri</span> <span class='ocrx_word' id='word_1_184' title='bbox 800 2579 832 2644; x_wconf 88' lang='grc' dir='ltr'><em>Γ</em></span> <span class='ocrx_word' id='word_1_185' title='bbox 841 2600 911 2648; x_wconf 91' lang='lat' dir='ltr'>eam</span> <span class='ocrx_word' id='word_1_186' title='bbox 926 2587 1059 2664; x_wconf 88' lang='lat' dir='ltr'>partem,</span> <span class='ocrx_word' id='word_1_187' title='bbox 1082 2600 1177 2664; x_wconf 88' lang='lat' dir='ltr'>quam</span> <span class='ocrx_word' id='word_1_188' title='bbox 1196 2579 1309 2666; x_wconf 78' lang='grc' dir='ltr'><strong><em>ὁρκίων</em></strong></span> <span class='ocrx_word' id='word_1_189' title='bbox 1326 2582 1452 2648; x_wconf 90' lang='lat' dir='ltr'>nomine</span> 
     </span>
    </p>
   </div>
   <div class='ocr_carea' id='block_1_4' title="bbox 222 2692 1522 4661">
    <p class='ocr_par' dir='ltr' id='par_1_4' title="bbox 222 2692 1522 4661">
     <span class='ocr_line' id='line_1_21' title="bbox 226 2692 1452 2776; baseline 0 -18"><span class='ocrx_word' id='word_1_190' title='bbox 226 2694 406 2776; x_wconf 83' lang='lat' dir='ltr'>insignitam</span> <span class='ocrx_word' id='word_1_191' title='bbox 420 2693 639 2759; x_wconf 85' lang='lat' dir='ltr'>Lachmannus</span> <span class='ocrx_word' id='word_1_192' title='bbox 661 2693 782 2758; x_wconf 90' lang='lat' dir='ltr'>caussis</span> <span class='ocrx_word' id='word_1_193' title='bbox 803 2693 889 2758; x_wconf 91' lang='lat' dir='ltr'>haud</span> <span class='ocrx_word' id='word_1_194' title='bbox 904 2693 1107 2776; x_wconf 88' lang='lat' dir='ltr'>inprobandis</span> <span class='ocrx_word' id='word_1_195' title='bbox 1121 2697 1154 2759; x_wconf 90' lang='lat' dir='ltr'>et</span> <span class='ocrx_word' id='word_1_196' title='bbox 1167 2692 1261 2759; x_wconf 90' lang='lat' dir='ltr'>eiecit</span> <span class='ocrx_word' id='word_1_197' title='bbox 1275 2695 1308 2758; x_wconf 90' lang='lat' dir='ltr'>et</span> <span class='ocrx_word' id='word_1_198' title='bbox 1322 2696 1452 2775; x_wconf 89' lang='lat' dir='ltr'>propter</span> 
     </span>
     <span class='ocr_line' id='line_1_22' title="bbox 225 2803 1451 2891; baseline 0.001 -24"><span class='ocrx_word' id='word_1_199' title='bbox 225 2803 250 2867; x_wconf 84' lang='grc' dir='ltr'><em>Δ</em></span> <span class='ocrx_word' id='word_1_200' title='bbox 272 2805 344 2870; x_wconf 91' lang='lat' dir='ltr'>libri</span> <span class='ocrx_word' id='word_1_201' title='bbox 365 2803 490 2869; x_wconf 83' lang='lat' dir='ltr'>initium</span> <span class='ocrx_word' id='word_1_202' title='bbox 512 2803 625 2888; x_wconf 78' lang='grc' dir='ltr'><em>ὁρκίων</em></span> <span class='ocrx_word' id='word_1_203' title='bbox 646 2803 792 2891; x_wconf 54' lang='grc' dir='ltr'>σύγχυσιν</span> <span class='ocrx_word' id='word_1_204' title='bbox 814 2804 976 2870; x_wconf 84' lang='lat' dir='ltr'>continens</span> <span class='ocrx_word' id='word_1_205' title='bbox 996 2803 1153 2869; x_wconf 79' lang='lat' dir='ltr'>invectam</span> <span class='ocrx_word' id='word_1_206' title='bbox 1184 2808 1308 2884; x_wconf 76' lang='lat' dir='ltr'>censet,</span> <span class='ocrx_word' id='word_1_207' title='bbox 1333 2803 1451 2870; x_wconf 76' lang='lat' dir='ltr'>retinet</span> 
     </span>
     <span class='ocr_line' id='line_1_23' title="bbox 226 2913 1449 2994; baseline 0.001 -15"><span class='ocrx_word' id='word_1_208' title='bbox 226 2919 259 2980; x_wconf 90' lang='lat' dir='ltr'>et</span> <span class='ocrx_word' id='word_1_209' title='bbox 279 2918 365 2982; x_wconf 90' lang='lat' dir='ltr'>arcte</span> <span class='ocrx_word' id='word_1_210' title='bbox 387 2932 458 2979; x_wconf 90' lang='lat' dir='ltr'>cum</span> <span class='ocrx_word' id='word_1_211' title='bbox 479 2913 598 2980; x_wconf 79' lang='lat' dir='ltr'>librod</span> <span class='ocrx_word' id='word_1_212' title='bbox 620 2916 756 2981; x_wconf 90' lang='lat' dir='ltr'>conectit</span> <span class='ocrx_word' id='word_1_213' title='bbox 777 2915 864 2980; x_wconf 92' lang='lat' dir='ltr'>nulla</span> <span class='ocrx_word' id='word_1_214' title='bbox 884 2914 993 2981; x_wconf 89' lang='lat' dir='ltr'>habita</span> <span class='ocrx_word' id='word_1_215' title='bbox 1014 2915 1138 2980; x_wconf 91' lang='lat' dir='ltr'>ratione</span> <span class='ocrx_word' id='word_1_216' title='bbox 1159 2913 1449 2994; x_wconf 86' lang='lat' dir='ltr'>discrepantiarum,</span> 
     </span>
     <span class='ocr_line' id='line_1_24' title="bbox 226 3023 1450 3107; baseline 0 -17"><span class='ocrx_word' id='word_1_217' title='bbox 226 3043 304 3107; x_wconf 89' lang='lat' dir='ltr'>quas</span> <span class='ocrx_word' id='word_1_218' title='bbox 326 3023 559 3091; x_wconf 89' lang='lat' dir='ltr'>aLachmanno</span> <span class='ocrx_word' id='word_1_219' title='bbox 581 3025 722 3091; x_wconf 90' lang='lat' dir='ltr'>detectas</span> <span class='ocrx_word' id='word_1_220' title='bbox 743 3025 864 3106; x_wconf 88' lang='lat' dir='ltr'>obtegit</span> <span class='ocrx_word' id='word_1_221' title='bbox 885 3025 1020 3106; x_wconf 92' lang='lat' dir='ltr'>speciem</span> <span class='ocrx_word' id='word_1_222' title='bbox 1041 3025 1103 3090; x_wconf 93' lang='lat' dir='ltr'>sibi</span> <span class='ocrx_word' id='word_1_223' title='bbox 1117 3023 1275 3106; x_wconf 83' lang='lat' dir='ltr'>adrogans</span> <span class='ocrx_word' id='word_1_224' title='bbox 1289 3025 1381 3106; x_wconf 90' lang='lat' dir='ltr'>quasi</span> <span class='ocrx_word' id='word_1_225' title='bbox 1395 3043 1450 3090; x_wconf 89' lang='lat' dir='ltr'>eas</span> 
     </span>
     <span class='ocr_line' id='line_1_25' title="bbox 225 3134 1450 3218; baseline -0.001 -17"><span class='ocrx_word' id='word_1_226' title='bbox 225 3154 287 3201; x_wconf 94' lang='lat' dir='ltr'>non</span> <span class='ocrx_word' id='word_1_227' title='bbox 315 3136 426 3202; x_wconf 91' lang='lat' dir='ltr'>adesse</span> <span class='ocrx_word' id='word_1_228' title='bbox 456 3137 732 3217; x_wconf 88' lang='lat' dir='ltr'>demonstraverit,</span> <span class='ocrx_word' id='word_1_229' title='bbox 762 3136 858 3202; x_wconf 91' lang='lat' dir='ltr'>editio</span> <span class='ocrx_word' id='word_1_230' title='bbox 888 3153 983 3216; x_wconf 91' lang='lat' dir='ltr'>quam</span> <span class='ocrx_word' id='word_1_231' title='bbox 1004 3135 1127 3200; x_wconf 85' lang='lat' dir='ltr'>curavit</span> <span class='ocrx_word' id='word_1_232' title='bbox 1147 3153 1211 3200; x_wconf 94' lang='lat' dir='ltr'>non</span> <span class='ocrx_word' id='word_1_233' title='bbox 1232 3134 1311 3200; x_wconf 89' lang='lat' dir='ltr'>satis</span> <span class='ocrx_word' id='word_1_234' title='bbox 1331 3134 1450 3218; x_wconf 84' lang='lat' dir='ltr'>placuit</span> 
     </span>
     <span class='ocr_line' id='line_1_26' title="bbox 224 3243 1450 3330; baseline -0.001 -18"><span class='ocrx_word' id='word_1_235' title='bbox 224 3263 327 3330; x_wconf 90' lang='lat' dir='ltr'>neque</span> <span class='ocrx_word' id='word_1_236' title='bbox 348 3248 482 3328; x_wconf 87' lang='lat' dir='ltr'>probate</span> <span class='ocrx_word' id='word_1_237' title='bbox 505 3250 554 3312; x_wconf 91' lang='lat' dir='ltr'>est</span> <span class='ocrx_word' id='word_1_238' title='bbox 575 3245 676 3312; x_wconf 91' lang='lat' dir='ltr'>doctis</span> <span class='ocrx_word' id='word_1_239' title='bbox 697 3245 864 3327; x_wconf 85' lang='lat' dir='ltr'>philologis</span> <span class='ocrx_word' id='word_1_240' title='bbox 886 3246 1058 3327; x_wconf 89' lang='lat' dir='ltr'>multaque,</span> <span class='ocrx_word' id='word_1_241' title='bbox 1080 3263 1163 3327; x_wconf 92' lang='lat' dir='ltr'>quae</span> <span class='ocrx_word' id='word_1_242' title='bbox 1184 3245 1217 3310; x_wconf 93' lang='lat' dir='ltr'>in</span> <span class='ocrx_word' id='word_1_243' title='bbox 1238 3263 1278 3312; x_wconf 89' lang='lat' dir='ltr'>ea</span> <span class='ocrx_word' id='word_1_244' title='bbox 1298 3243 1377 3311; x_wconf 83' lang='lat' dir='ltr'>false</span> <span class='ocrx_word' id='word_1_245' title='bbox 1397 3245 1450 3311; x_wconf 91' lang='lat' dir='ltr'>ille</span> 
     </span>
     <span class='ocr_line' id='line_1_27' title="bbox 225 3355 1448 3440; baseline -0.001 -18"><span class='ocrx_word' id='word_1_246' title='bbox 225 3359 387 3440; x_wconf 83' lang='lat' dir='ltr'>indicavit,</span> <span class='ocrx_word' id='word_1_247' title='bbox 409 3359 459 3425; x_wconf 88' lang='lat' dir='ltr'>hic</span> <span class='ocrx_word' id='word_1_248' title='bbox 480 3358 543 3425; x_wconf 91' lang='lat' dir='ltr'>illic</span> <span class='ocrx_word' id='word_1_249' title='bbox 565 3359 689 3424; x_wconf 89' lang='lat' dir='ltr'>detecta</span> <span class='ocrx_word' id='word_1_250' title='bbox 710 3363 744 3424; x_wconf 92' lang='lat' dir='ltr'>et</span> <span class='ocrx_word' id='word_1_251' title='bbox 764 3356 903 3424; x_wconf 76' lang='lat' dir='ltr'>refutata</span> <span class='ocrx_word' id='word_1_252' title='bbox 924 3361 1016 3438; x_wconf 89' lang='lat' dir='ltr'>sunt,</span> <span class='ocrx_word' id='word_1_253' title='bbox 1045 3363 1082 3422; x_wconf 92' lang='lat' dir='ltr'>ut</span> <span class='ocrx_word' id='word_1_254' title='bbox 1102 3355 1236 3439; x_wconf 84' lang='lat' dir='ltr'>exempli</span> <span class='ocrx_word' id='word_1_255' title='bbox 1257 3355 1361 3438; x_wconf 85' lang='lat' dir='ltr'>gratia</span> <span class='ocrx_word' id='word_1_256' title='bbox 1382 3356 1448 3421; x_wconf 82' lang='lat' dir='ltr'>lla·</span> 
     </span>
     <span class='ocr_line' id='line_1_28' title="bbox 224 3466 1448 3546; baseline -0.004 -10"><span class='ocrx_word' id='word_1_257' title='bbox 224 3471 401 3536; x_wconf 76' lang='lat' dir='ltr'>similianus</span> <span class='ocrx_word' id='word_1_258' title='bbox 423 3469 613 3536; x_wconf 89' lang='lat' dir='ltr'>Schmidtius</span> <span class='ocrx_word' id='word_1_259' title='bbox 634 3470 667 3535; x_wconf 92' lang='lat' dir='ltr'>in</span> <span class='ocrx_word' id='word_1_260' title='bbox 688 3489 796 3536; x_wconf 90' lang='lat' dir='ltr'>museo</span> <span class='ocrx_word' id='word_1_261' title='bbox 818 3469 970 3534; x_wconf 87' lang='lat' dir='ltr'>Rhenano</span> <span class='ocrx_word' id='word_1_262' title='bbox 992 3468 1107 3534; x_wconf 89' lang='lat' dir='ltr'>adlatis</span> <span class='ocrx_word' id='word_1_263' title='bbox 1129 3467 1273 3532; x_wconf 90' lang='lat' dir='ltr'>omnibus</span> <span class='ocrx_word' id='word_1_264' title='bbox 1293 3467 1386 3546; x_wconf 92' lang='lat' dir='ltr'>locis,</span> <span class='ocrx_word' id='word_1_265' title='bbox 1415 3466 1448 3532; x_wconf 93' lang='lat' dir='ltr'>in</span> 
     </span>
     <span class='ocr_line' id='line_1_29' title="bbox 224 3577 1447 3668; baseline -0.002 -22"><span class='ocrx_word' id='word_1_266' title='bbox 224 3580 337 3664; x_wconf 85' lang='lat' dir='ltr'>quibus</span> <span class='ocrx_word' id='word_1_267' title='bbox 359 3597 470 3646; x_wconf 80' lang='lat' dir='ltr'>versus</span> <span class='ocrx_word' id='word_1_268' title='bbox 492 3581 559 3646; x_wconf 87' lang='lat' dir='ltr'>ille:</span> <span class='ocrx_word' id='word_1_269' title='bbox 583 3579 612 3643; x_wconf 82' lang='grc' dir='ltr'>οἳ</span> <span class='ocrx_word' id='word_1_270' title='bbox 633 3579 715 3642; x_wconf 74' lang='grc' dir='ltr'><em>δ’ὅτε</em></span> <span class='ocrx_word' id='word_1_271' title='bbox 737 3580 776 3667; x_wconf 79' lang='grc' dir='ltr'>δὴ</span> <span class='ocrx_word' id='word_1_272' title='bbox 799 3579 911 3668; x_wconf 75' lang='grc' dir='ltr'><em>σχεδὸν</em></span> <span class='ocrx_word' id='word_1_273' title='bbox 934 3577 1016 3667; x_wconf 74' lang='grc' dir='ltr'><em>ἦσαν</em></span> <span class='ocrx_word' id='word_1_274' title='bbox 1030 3579 1071 3642; x_wconf 79' lang='grc' dir='ltr'>ἐπ</span> <span class='ocrx_word' id='word_1_275' title='bbox 1084 3579 1259 3668; x_wconf 77' lang='grc' dir='ltr'><em>ἀλλήλοισιν</em></span> <span class='ocrx_word' id='word_1_276' title='bbox 1274 3577 1373 3648; x_wconf 78' lang='grc' dir='ltr'><em>λόντες</em></span> <span class='ocrx_word' id='word_1_277' title='bbox 1394 3578 1447 3644; x_wconf 85' lang='lat' dir='ltr'>ad·</span> 
     </span>
     <span class='ocr_line' id='line_1_30' title="bbox 222 3688 1448 3773; baseline 0 -17"><span class='ocrx_word' id='word_1_278' title='bbox 222 3691 350 3757; x_wconf 92' lang='lat' dir='ltr'>hibetur</span> <span class='ocrx_word' id='word_1_279' title='bbox 371 3690 467 3773; x_wconf 90' lang='lat' dir='ltr'>idque</span> <span class='ocrx_word' id='word_1_280' title='bbox 488 3689 555 3756; x_wconf 90' lang='lat' dir='ltr'>sola</span> <span class='ocrx_word' id='word_1_281' title='bbox 577 3695 664 3756; x_wconf 89' lang='lat' dir='ltr'>certa</span> <span class='ocrx_word' id='word_1_282' title='bbox 684 3691 821 3770; x_wconf 90' lang='lat' dir='ltr'>quadam</span> <span class='ocrx_word' id='word_1_283' title='bbox 843 3690 1033 3770; x_wconf 91' lang='lat' dir='ltr'>condicione,</span> <span class='ocrx_word' id='word_1_284' title='bbox 1056 3689 1164 3756; x_wconf 90' lang='lat' dir='ltr'>docuit</span> <span class='ocrx_word' id='word_1_285' title='bbox 1177 3707 1239 3754; x_wconf 94' lang='lat' dir='ltr'>non</span> <span class='ocrx_word' id='word_1_286' title='bbox 1253 3689 1395 3771; x_wconf 86' lang='lat' dir='ltr'>potuisse</span> <span class='ocrx_word' id='word_1_287' title='bbox 1407 3688 1448 3756; x_wconf 89' lang='lat' dir='ltr'>ab</span> 
     </span>
     <span class='ocr_line' id='line_1_31' title="bbox 222 3796 1448 3884; baseline -0.003 -16"><span class='ocrx_word' id='word_1_288' title='bbox 222 3802 389 3868; x_wconf 89' lang='lat' dir='ltr'>Homerico</span> <span class='ocrx_word' id='word_1_289' title='bbox 410 3805 506 3884; x_wconf 80' lang='lat' dir='ltr'>pocta</span> <span class='ocrx_word' id='word_1_290' title='bbox 526 3800 601 3883; x_wconf 94' lang='lat' dir='ltr'>poni</span> <span class='ocrx_word' id='word_1_291' title='bbox 623 3819 661 3865; x_wconf 95' lang='lat' dir='ltr'>eo</span> <span class='ocrx_word' id='word_1_292' title='bbox 683 3817 746 3880; x_wconf 89' lang='lat' dir='ltr'>quo</span> <span class='ocrx_word' id='word_1_293' title='bbox 767 3799 945 3883; x_wconf 85' lang='lat' dir='ltr'>Koechlyus</span> <span class='ocrx_word' id='word_1_294' title='bbox 959 3801 1118 3883; x_wconf 91' lang='lat' dir='ltr'>posuisset</span> <span class='ocrx_word' id='word_1_295' title='bbox 1137 3800 1206 3866; x_wconf 90' lang='lat' dir='ltr'>loco</span> <span class='ocrx_word' id='word_1_296' title='bbox 1222 3818 1346 3866; x_wconf 86' lang='lat' dir='ltr'>versum</span> <span class='ocrx_word' id='word_1_297' title='bbox 1361 3796 1448 3880; x_wconf 74' lang='lat'>1⁷15,</span> 
     </span>
     <span class='ocr_line' id='line_1_32' title="bbox 223 3911 1449 3994; baseline -0.002 -16"><span class='ocrx_word' id='word_1_298' title='bbox 223 3932 316 3994; x_wconf 91' lang='lat' dir='ltr'>quem</span> <span class='ocrx_word' id='word_1_299' title='bbox 346 3912 563 3978; x_wconf 88' lang='lat' dir='ltr'>Lachmannus</span> <span class='ocrx_word' id='word_1_300' title='bbox 593 3914 683 3994; x_wconf 85' lang='lat' dir='ltr'>(pag.</span> <span class='ocrx_word' id='word_1_301' title='bbox 705 3912 765 3993; x_wconf 86' lang='grc'>14)</span> <span class='ocrx_word' id='word_1_302' title='bbox 795 3917 881 3978; x_wconf 91' lang='lat' dir='ltr'>recte</span> <span class='ocrx_word' id='word_1_303' title='bbox 910 3913 984 3978; x_wconf 91' lang='lat' dir='ltr'>eicit</span> <span class='ocrx_word' id='word_1_304' title='bbox 1010 3912 1126 3994; x_wconf 87' lang='lat' dir='ltr'>quippe</span> <span class='ocrx_word' id='word_1_305' title='bbox 1150 3911 1232 3978; x_wconf 90' lang='lat' dir='ltr'>male</span> <span class='ocrx_word' id='word_1_306' title='bbox 1251 3911 1449 3978; x_wconf 90' lang='lat' dir='ltr'>intrusuma</span> 
     </span>
     <span class='ocr_line' id='line_1_33' title="bbox 224 4020 1449 4105; baseline -0.002 -15"><span class='ocrx_word' id='word_1_307' title='bbox 224 4025 456 4103; x_wconf 91' lang='lat' dir='ltr'>concinnatore,</span> <span class='ocrx_word' id='word_1_308' title='bbox 484 4024 557 4105; x_wconf 91' lang='lat' dir='ltr'>qui,</span> <span class='ocrx_word' id='word_1_309' title='bbox 585 4023 670 4105; x_wconf 90' lang='lat' dir='ltr'>qnod</span> <span class='ocrx_word' id='word_1_310' title='bbox 691 4022 843 4088; x_wconf 81' lang='lat' dir='ltr'>voluisset</span> <span class='ocrx_word' id='word_1_311' title='bbox 863 4023 946 4088; x_wconf 90' lang='lat' dir='ltr'>inter</span> <span class='ocrx_word' id='word_1_312' title='bbox 969 4021 1161 4088; x_wconf 87' lang='lat' dir='ltr'>Graecorum</span> <span class='ocrx_word' id='word_1_313' title='bbox 1182 4022 1310 4089; x_wconf 86' lang='lat' dir='ltr'>navium</span> <span class='ocrx_word' id='word_1_314' title='bbox 1332 4020 1449 4088; x_wconf 85' lang='lat' dir='ltr'>catelo</span> 
     </span>
     <span class='ocr_line' id='line_1_34' title="bbox 223 4135 1522 4218; baseline -0.001 -19"><span class='ocrx_word' id='word_1_315' title='bbox 223 4150 298 4216; x_wconf 84' lang='lat' dir='ltr'>gum</span> <span class='ocrx_word' id='word_1_316' title='bbox 320 4137 353 4198; x_wconf 91' lang='lat' dir='ltr'>et</span> <span class='ocrx_word' id='word_1_317' title='bbox 374 4152 499 4200; x_wconf 88' lang='lat' dir='ltr'>carmen</span> <span class='ocrx_word' id='word_1_318' title='bbox 522 4135 651 4200; x_wconf 87' lang='lat' dir='ltr'>tertium</span> <span class='ocrx_word' id='word_1_319' title='bbox 672 4136 870 4218; x_wconf 88' lang='lat' dir='ltr'>interponere</span> <span class='ocrx_word' id='word_1_320' title='bbox 893 4135 1034 4217; x_wconf 91' lang='lat' dir='ltr'>ineptum</span> <span class='ocrx_word' id='word_1_321' title='bbox 1061 4135 1150 4201; x_wconf 93' lang='lat' dir='ltr'>illum</span> <span class='ocrx_word' id='word_1_322' title='bbox 1172 4135 1377 4202; x_wconf 88' lang='lat' dir='ltr'>Troianorum</span> <span class='ocrx_word' id='word_1_323' title='bbox 1399 4152 1448 4199; x_wconf 89' lang='lat' dir='ltr'>ca·</span> <span class='ocrx_word' id='word_1_324' title='bbox 1512 4197 1522 4216; x_wconf 74' lang='lat'>,</span> 
     </span>
     <span class='ocr_line' id='line_1_35' title="bbox 223 4242 1449 4329; baseline 0 -19"><span class='ocrx_word' id='word_1_325' title='bbox 223 4242 362 4324; x_wconf 82' lang='lat' dir='ltr'>telogum</span> <span class='ocrx_word' id='word_1_326' title='bbox 389 4263 452 4311; x_wconf 95' lang='lat' dir='ltr'>non</span> <span class='ocrx_word' id='word_1_327' title='bbox 481 4245 521 4310; x_wconf 89' lang='lat' dir='ltr'>ab</span> <span class='ocrx_word' id='word_1_328' title='bbox 544 4245 711 4312; x_wconf 91' lang='lat' dir='ltr'>Homerico</span> <span class='ocrx_word' id='word_1_329' title='bbox 738 4252 833 4329; x_wconf 77' lang='lat' dir='ltr'>poeta</span> <span class='ocrx_word' id='word_1_330' title='bbox 861 4247 918 4312; x_wconf 91' lang='lat' dir='ltr'>sed</span> <span class='ocrx_word' id='word_1_331' title='bbox 947 4247 1145 4328; x_wconf 87' lang='lat' dir='ltr'>arhapsodo</span> <span class='ocrx_word' id='word_1_332' title='bbox 1167 4252 1224 4313; x_wconf 89' lang='lat' dir='ltr'>aut</span> <span class='ocrx_word' id='word_1_333' title='bbox 1244 4266 1264 4312; x_wconf 91' lang='lat' dir='ltr'>a</span> <span class='ocrx_word' id='word_1_334' title='bbox 1285 4246 1449 4312; x_wconf 91' lang='lat' dir='ltr'>concinna-</span> 
     </span>
     <span class='ocr_line' id='line_1_36' title="bbox 223 4355 1449 4462; baseline -0.001 -42"><span class='ocrx_word' id='word_1_335' title='bbox 223 4361 293 4421; x_wconf 92' lang='lat' dir='ltr'>tore</span> <span class='ocrx_word' id='word_1_336' title='bbox 314 4355 498 4437; x_wconf 89' lang='lat' dir='ltr'>profectum,</span> <span class='ocrx_word' id='word_1_337' title='bbox 520 4374 648 4422; x_wconf 90' lang='lat' dir='ltr'>necesse</span> <span class='ocrx_word' id='word_1_338' title='bbox 670 4357 811 4462; x_wconf 65' lang='lat' dir='ltr'>dunisset</span> <span class='ocrx_word' id='word_1_339' title='bbox 832 4357 966 4440; x_wconf 84' lang='lat' dir='ltr'>catalogi</span> <span class='ocrx_word' id='word_1_340' title='bbox 989 4357 1334 4424; x_wconf 85' lang='lat' dir='ltr'>Troianornmeritum</span> <span class='ocrx_word' id='word_1_341' title='bbox 1355 4373 1449 4420; x_wconf 87' lang='lat' dir='ltr'>versu</span> 
     </span>
     <span class='ocr_line' id='line_1_37' title="bbox 223 4464 1448 4551; baseline -0.002 -19"><span class='ocrx_word' id='word_1_342' title='bbox 223 4468 359 4549; x_wconf 89' lang='lat' dir='ltr'>quodam</span> <span class='ocrx_word' id='word_1_343' title='bbox 382 4467 452 4533; x_wconf 90' lang='lat' dir='ltr'>aliis</span> <span class='ocrx_word' id='word_1_344' title='bbox 474 4468 562 4535; x_wconf 50' lang='lat' dir='ltr'>locis*</span> <span class='ocrx_word' id='word_1_345' title='bbox 572 4469 612 4534; x_wconf 91' lang='lat' dir='ltr'>ab</span> <span class='ocrx_word' id='word_1_346' title='bbox 635 4468 703 4549; x_wconf 91' lang='lat' dir='ltr'>ipso</span> <span class='ocrx_word' id='word_1_347' title='bbox 724 4468 806 4534; x_wconf 84' lang='lat' dir='ltr'>lecto</span> <span class='ocrx_word' id='word_1_348' title='bbox 821 4467 955 4549; x_wconf 87' lang='lat' dir='ltr'>indeque</span> <span class='ocrx_word' id='word_1_349' title='bbox 970 4468 1101 4551; x_wconf 87' lang='lat' dir='ltr'>adrepto</span> <span class='ocrx_word' id='word_1_350' title='bbox 1116 4486 1187 4534; x_wconf 91' lang='lat' dir='ltr'>cum</span> <span class='ocrx_word' id='word_1_351' title='bbox 1202 4467 1340 4533; x_wconf 89' lang='lat' dir='ltr'>carmine</span> <span class='ocrx_word' id='word_1_352' title='bbox 1354 4464 1448 4531; x_wconf 87' lang='lat' dir='ltr'>tertio</span> 
     </span>
     <span class='ocr_line' id='line_1_38' title="bbox 225 4574 1448 4661; baseline 0 -18"><span class='ocrx_word' id='word_1_353' title='bbox 225 4577 355 4644; x_wconf 88' lang='lat' dir='ltr'>conecti.</span> <span class='ocrx_word' id='word_1_354' title='bbox 389 4595 428 4644; x_wconf 90' lang='lat' dir='ltr'>ea</span> <span class='ocrx_word' id='word_1_355' title='bbox 455 4579 553 4660; x_wconf 85' lang='lat' dir='ltr'>igitur</span> <span class='ocrx_word' id='word_1_356' title='bbox 583 4577 678 4644; x_wconf 91' lang='lat' dir='ltr'>editio</span> <span class='ocrx_word' id='word_1_357' title='bbox 701 4578 854 4661; x_wconf 86' lang='lat' dir='ltr'>Koechlyi</span> <span class='ocrx_word' id='word_1_358' title='bbox 875 4597 915 4643; x_wconf 92' lang='lat' dir='ltr'>ne</span> <span class='ocrx_word' id='word_1_359' title='bbox 937 4575 1097 4660; x_wconf 90' lang='lat' dir='ltr'>discipulis</span> <span class='ocrx_word' id='word_1_360' title='bbox 1119 4577 1278 4658; x_wconf 89' lang='lat' dir='ltr'>tradatur,</span> <span class='ocrx_word' id='word_1_361' title='bbox 1305 4574 1448 4643; x_wconf 91' lang='lat' dir='ltr'>omnibus</span> 
     </span>
    </p>
   </div>
   <div class='ocr_carea' id='block_1_5' title="bbox 0 0 1734 5370">
    <p class='ocr_par' dir='ltr' id='par_1_5' title="bbox 0 0 1734 5370">
     <span class='ocr_line' id='line_1_39' title="bbox 0 0 1734 5370; baseline 0 3"><span class='ocrx_word' id='word_1_362' title='bbox 0 0 1734 5370; x_wconf 95' lang='lat' dir='ltr'> </span> 
     </span>
    </p>
   </div>
  </div>
 </body>
</html>
