3460 5370
770 355 959 416 ..g-

255 538 462 606 directcribus
477 539 570 605 valde
592 538 764 605 cavendum
787 540 845 604 est.
880 555 989 603 verum
1011 535 1043 602 in
1066 554 1102 604 eo
1118 537 1258 620 Hauptio
1274 542 1306 606 et
1320 541 1479 626 Koechlyo

256 649 466 731 adsentimus,
489 651 573 733 quod
595 666 676 731 quae
698 648 876 716 criticorum
896 647 1010 730 peritia
1031 652 1064 715 et
1082 648 1225 716 doctrina
1246 649 1387 734 perfecta
1406 657 1481 720 suut

257 781 295 827 ea
313 761 439 841 scilieet,
460 778 541 841 quae
559 759 726 827 vernacule
737 759 868 826 dicimus
881 758 932 824 die
943 757 1094 825 resultate
1106 759 1162 826 der
1173 759 1399 845 wissenschalt,
1417 763 1480 830 dis·

257 871 367 956 cipulis
384 871 580 954 superiorum
600 871 744 938 ordinum
763 870 1005 937 demonstranda
1023 875 1151 938 censent
1167 888 1270 953 neque
1285 892 1356 941 curn
1367 873 1480 941 Faenio

259 983 265 996 '
311 981 487 1062 ediendum,
503 1001 543 1047 ne
561 980 607 1047 ita
625 981 671 1047 eis
688 979 1024 1065 praebeaturscientia,
1043 986 1080 1046 ut
1091 998 1172 1062 quae
1183 982 1343 1065 ingeniose
1355 984 1481 1052 iuventa

256 1001 358 1158 1θῆρθιι
387 1073 530 1160 omnihus
556 1093 698 1176 partibus
729 1092 892 1173 probanda
920 1095 994 1158 sunt
1024 1111 1062 1158 ea
1082 1092 1143 1176 ipsi
1166 1093 1346 1161 doceantur.
1379 1114 1481 1181 neque

259 1210 364 1270 tannen
378 1203 427 1269 ita·
439 1203 571 1269 docendi
585 1223 621 1270 ea
636 1203 726 1285 pueri
737 1206 821 1284 sunt,
838 1208 874 1268 nt
884 1201 989 1268 omnia
999 1207 1184 1286 argumenta
1194 1203 1270 1286 ipsis
1280 1205 1481 1289 proferantur

259 1316 382 1398 ipsique
409 1316 440 1380 in
469 1314 642 1381 tractandis
665 1313 794 1380 Graecis
817 1318 850 1380 et
871 1313 992 1380 Latinis
1020 1313 1134 1381 litteris
1162 1314 1270 1382 critica
1291 1320 1360 1384 arte
1382 1317 1428 1382 uti
1450 1317 1482 1383 iu

261 1445 333 1492 eum
353 1425 486 1508 gradum
509 1429 670 1507 cogantur,
692 1426 733 1490 ad
753 1443 846 1508 quem
860 1429 898 1490 ut
911 1423 1103 1508 philologum
1116 1426 1291 1507 perducant
1304 1428 1483 1496 academiae

262 1537 368 1602 studia
396 1537 521 1619 proprie
549 1536 705 1603 destinata
733 1540 816 1602 sunt.
848 1535 956 1616 itaque
986 1539 1109 1603 nosmet
1137 1536 1213 1620 ipsi,
1242 1537 1269 1602 si
1292 1538 1353 1605 Dei
1380 1539 1484 1622 matio

262 1648 321 1713 viri
345 1647 428 1714 docti
444 1647 630 1730 bibliopolae
647 1663 704 1712 nos
727 1645 961 1712 conmendantis
983 1646 1154 1712 adcesserit
1175 1647 1332 1730 auxilium,
1355 1649 1483 1715 edemus

264 1758 402 1824 carmina
424 1759 464 1824 de
484 1759 533 1824 ira
548 1758 676 1825 Achillis
699 1759 739 1826 ad
760 1758 953 1825 Lachmanni
975 1762 1008 1823 et
1029 1758 1160 1840 Hauptii
1183 1759 1355 1826 sententias
1383 1759 1416 1824 in
1436 1759 1482 1824 in·

197 1903 199 1906 ·
263 1875 385 1952 tegrum
408 1869 573 1951 restituta,
599 1873 636 1935 ut
657 1869 711 1953 qui
734 1869 968 1936 Lachmannum
991 1872 1023 1934 et
1042 1867 1217 1951 Hauptium
1238 1888 1294 1952 pro
1317 1870 1485 1936 sententia-

252 2000 333 2048 rum
361 1981 541 2047 auctoribus
568 1983 716 2046 secuntur
744 1980 773 2047 ei
800 1998 909 2047 eorum
936 1979 1108 2046 sententias
1136 1979 1175 2046 cb
1203 1980 1311 2046 oculos
1339 1981 1485 2062 habeant,

265 2091 347 2158 sicut
369 2091 422 2170 qui
441 2088 627 2157 Kirehhoifii
649 2090 688 2157 de
708 2090 850 2173 Odyssea
871 2091 1034 2157 sententiis
1058 2109 1095 2158 ex
1117 2091 1223 2174 aliqua
1243 2096 1335 2174 parte
1355 2090 1486 2158 infirmis

264 2200 413 2284 falsisque
445 2201 601 2268 adcedunt
633 2203 678 2269 eis
697 2202 821 2283 ,quous
850 2207 990 2286 tempore
1018 2200 1206 2269 Kirchhoitii
1236 2202 1395 2288 Odysseae
1423 2203 1487 2270 Ho-

265 2315 399 2380 mericae
426 2313 473 2378 uti
500 2312 574 2379 licet
603 2312 747 2379 editione.
781 2313 848 2380 eius
877 2317 983 2380 autem
1011 2312 1156 2380 editionis
1184 2313 1316 2380 anobis
1338 2313 1401 2379 iam
1423 2332 1486 2381 uno

265 2423 420 2490 volumine
435 2424 569 2490 Bekheri
591 2429 679 2492 textu
700 2444 757 2508 pro
779 2425 981 2492 fundamento
1003 2425 1107 2507 posito
1128 2424 1286 2505 perlectae
1307 2424 1396 2508 quasi
1418 2443 1487 2508 pro·

265 2534 346 2600 lusio
369 2540 401 2600 et
421 2534 574 2616 praefatio
596 2535 674 2603 haec
696 2536 757 2602 erit
778 2536 997 2618 conmentatio,
1020 2535 1052 2601 in
1075 2555 1146 2619 qua,
1169 2535 1338 2618 praecipue
1354 2538 1486 2616 atquae

267 2644 446 2728 Koechlyus
469 2646 553 2712 etin
576 2645 849 2713 dissertationibus
873 2646 956 2712 etin
979 2647 1115 2713 editione
1137 2646 1304 2714 adversum
1319 2646 1488 2713 Lachman-

267 2776 342 2822 num
369 2755 501 2840 protulit
523 2760 700 2823 evertamus
723 2761 756 2824 et
777 2757 956 2824 refellamus
979 2775 1078 2840 eoque
1100 2757 1193 2823 modo
1214 2773 1296 2822 nova
1316 2757 1488 2824 carminum

269 2868 308 2933 de
336 2868 383 2933 ira
400 2867 530 2934 Achillis
558 2867 695 2935 editione
725 2885 804 2951 opus
826 2867 909 2934 veris
931 2866 1192 2934 Lachmanniauis
1222 2885 1291 2934 esse
1313 2867 1489 2948 doceamus,

269 2978 308 3044 de
330 2978 501 3044 carminum
523 2978 562 3044 de
584 2979 632 3044 ira
650 2977 779 3045 Achillis
801 2977 921 3062 origine
942 2983 974 3045 et
995 2977 1096 3046 forma
1117 2977 1334 3060 antiquissima
1361 2996 1490 3061 agemus

267 3109 370 3173 neque
385 3093 499 3173 tamen,
516 3109 694 3175 quanquam
712 3089 905 3174 Koechlyum
922 3091 1119 3174 potissimum
1135 3089 1346 3173 respiciemus,
1360 3105 1490 3172 prorsus

268 3201 554 3282 praetermittemus
576 3202 722 3286 reliquos,
745 3201 800 3284 qui
821 3201 899 3268 alias
921 3220 958 3269 ac
978 3220 1036 3268 nos
1058 3218 1174 3284 easque
1195 3198 1291 3266 falsus
1306 3204 1339 3265 et
1352 3197 1491 3265 infirmas

242 3349 246 3362 =
269 3318 419 3379 secuntur
432 3314 613 3380 sententias.
648 3315 711 3380 iarn
725 3332 800 3381 vero
814 3314 857 3380 ad
873 3312 996 3395 singula
1010 3330 1186 3397 pergamus.
1221 3330 1258 3377 ac
1272 3311 1407 3394 primum
1424 3311 1492 3394 qui·

270 3426 342 3492 dem
370 3424 541 3492 carminum
572 3426 611 3492 de
639 3425 687 3491 ira
703 3423 833 3492 Achillis
855 3445 875 3490 a
896 3422 1089 3490 Pisistrateis
1116 3422 1176 3498 illis
1205 3423 1238 3488 in
1266 3440 1363 3488 unum
1384 3421 1492 3488 Iliadis

269 3538 413 3603 volumen
429 3554 671 3620 conprensorum
688 3531 893 3619 conplectitur
910 3539 1036 3618 praeter
1052 3551 1168 3617 paucas
1185 3533 1394 3616 posteriorum
1407 3538 1491 3598 aeta-

269 3653 338 3713 tum
358 3647 616 3731 interpolationes
634 3647 660 3713 Α
680 3653 817 3714 1-347.
851 3666 914 3731 qua
935 3647 967 3712 iu
990 3649 1080 3728 parte
1101 3645 1194 3728 primi
1215 3644 1305 3726 libri,
1327 3644 1354 3710 si
1376 3662 1414 3710 ex
1435 3659 1493 3709 suo

269 3777 339 3826 cnm
361 3759 490 3841 reliquis
511 3761 654 3843 partibus
676 3778 796 3826 conexu
817 3764 979 3827 emovetur
1003 3763 1035 3825 et
1056 3776 1113 3841 per
1135 3774 1169 3821 se
1191 3755 1366 3836 inspicitur,
1388 3754 1492 3821 omnia

270 3869 348 3936 satis
383 3874 416 3937 et
447 3871 564 3952 optime
593 3871 761 3938 cohaerent
795 3889 896 3952 neque
921 3873 997 3936 sunt
1023 3886 1103 3950 quae
1133 3865 1304 3934 obiendant
1331 3869 1363 3932 et
1384 3865 1494 3930 insunt

272 3981 354 4046 duae
380 3981 616 4064 conparationes
639 4000 701 4049 non
724 3986 867 4064 exactae,
894 3998 976 4063 quae
997 3980 1127 4047 tertium
1149 3977 1379 4061 corporationis
1400 3977 1490 4045 brevi

197 4147 208 4166 ,
271 4091 426 4173 indicant,
456 4111 573 4176 eaeque
595 4093 711 4176 optime
733 4093 899 4160 concinunt
921 4110 992 4158 cum
1019 4090 1102 4157 omni
1130 4089 1275 4156 carminis
1304 4086 1397 4170 primi
1419 4085 1492 4153 cha·

271 4206 394 4269 ractere
423 4209 455 4268 et
481 4203 615 4288 ingenio.
649 4204 688 4270 de
715 4222 776 4286 quo
806 4203 875 4284 ipso
904 4201 1038 4270 carmine
1061 4201 1191 4284 eiusque
1213 4199 1395 4265 charactere
1417 4197 1493 4281 quid

272 4313 474 4379 iudicandum
502 4314 557 4393 sit,
587 4314 703 4396 optime
724 4314 945 4381 Lachmannua
971 4312 1091 4379 indicat
1112 4311 1199 4378 hisce
1220 4309 1337 4377 verbis:
1365 4309 1414 4376 hia
1437 4326 1494 4373 zur

273 4423 485 4510 auslieierung
527 4424 583 4491 der
621 4423 756 4492 Brieseis
789 4425 901 4496 Α347
939 4423 1012 4492 liest
1052 4440 1124 4493 man
1164 4421 1244 4492 ohne
1280 4419 1496 4492 sonderliehcu

274 4538 415 4606 anstosz:
