3460 5370
740 333 955 396 -23-

207 532 328 596 ,quam
358 513 476 582 factum
506 532 599 596 aegre
627 513 761 596 larebat,
791 514 905 607 intrusi
935 514 1081 598 partique
1110 493 1155 580 illi
1178 516 1261 583 inter
1283 522 1406 584 sextum
1428 524 1460 584 et

233 626 402 708 septimum
437 643 561 691 carmen
593 643 612 690 a
644 623 838 690 Pisistrateis
871 625 988 691 inlatae
1020 624 1105 693 haud
1138 626 1289 693 absimilis
1324 629 1459 708 speciem

232 738 373 820 praebet.
413 736 476 801 iam
509 754 584 802 vero
619 736 751 801 alteram
782 736 867 802 illam
901 754 994 819 quam
1022 754 1060 801 ex
1090 736 1169 802 libro
1198 737 1299 818 primo
1327 741 1460 806 secrevit

233 848 452 915 Lachmannus
474 846 739 913 continuationem
762 867 782 912 a
802 849 903 930 primo
926 849 1064 915 carmine
1086 849 1265 930 discrepare
1286 866 1347 914 non
1369 848 1459 916 facile

233 959 304 1043 quis
326 958 464 1040 negabit,
489 957 516 1023 si
538 957 700 1023 nobiscum
723 974 792 1023 eam
815 962 937 1039 partem
960 977 1042 1024 nunc
1063 959 1249 1040 interposita
1270 960 1372 1042 prima
1386 979 1457 1027 con-

232 1069 406 1137 tinuatione
427 1069 459 1134 in
482 1069 561 1134 duas
576 1068 748 1151 particulas
765 1068 928 1134 disiectam
942 1069 1193 1152 pertractaverit.
1223 1070 1359 1152 primum
1374 1071 1457 1150 enim

232 1186 408 1263 temporum
429 1157 598 1261 rerumque
621 1177 708 1245 nulla
730 1184 779 1244 est
801 1179 1003 1260 continuitas,
1027 1199 1098 1246 cum
1119 1180 1152 1245 in
1175 1181 1312 1247 carmine
1334 1181 1401 1261 ipso
1425 1186 1457 1248 et

149 1345 161 1358 .
232 1292 374 1357 Minerva
396 1309 434 1356 ex
449 1286 580 1371 Olympo
604 1288 643 1355 ab
666 1289 785 1354 Iunone
807 1289 839 1352 in
862 1294 980 1355 terram
1002 1291 1185 1358 demittatur
1207 1296 1239 1358 et
1261 1310 1319 1358 sua
1336 1311 1372 1358 re
1389 1310 1458 1373 per·

231 1406 303 1468 acta
324 1401 357 1465 in
373 1400 540 1484 Olympum
562 1399 603 1465 ad
626 1399 701 1465 deos
720 1396 859 1481 reliquos
881 1401 992 1467 redeat
1014 1407 1046 1466 et
1064 1402 1176 1484 Apollo
1198 1402 1283 1467 haud
1305 1399 1413 1484 pro'cul
1435 1421 1456 1468 a

230 1511 423 1578 Graecorum
451 1510 562 1576 castris
585 1510 703 1588 versari
731 1508 884 1593 {iugatum
908 1510 1040 1578 Oalchas
1063 1513 1144 1578 enim
1165 1513 1198 1577 in
1219 1513 1366 1580 vaticinio
1395 1532 1455 1580 suo

231 1623 306 1690 dicit
334 1623 375 1705 (A
394 1627 434 1688 95
451 1627 527 1703 sq.):
559 1620 676 1686 τοῦνεκ’
704 1622 754 1709 ἄρ’
785 1619 865 1707 ἄλγε’
896 1619 996 1686 ἔδωκε
1021 1622 1194 1710 naupliades
1215 1622 1264 1712 ἡδ’
1288 1621 1331 1687 ἔτι
1357 1623 1455 1687 δώσει

233 1732 296 1798 oo’d'
318 1734 374 1816 (lys
397 1735 466 1820 πρὶν
486 1732 650 1797 Δαναοῖσιν
681 1732 805 1799 ἁνεικέα
833 1734 935 1816 λοιγὸν
966 1735 1104 1809 ἀπώσει,
1130 1749 1194 1817 'pro
1223 1751 1285 1817 quo
1314 1738 1454 1801 extremo

231 1862 322 1910 versu
352 1845 524 1911 seeundum
545 1843 671 1926 Didymi
694 1842 889 1910 Chalcenteri
919 1845 960 1910 ad
989 1863 1061 1910 eum
1093 1843 1326 1910 adnotationem
1355 1844 1401 1910 ita
1422 1845 1454 1909 in

229 1954 439 2024 misarcheis
469 1959 502 2021 et
529 1953 562 2019 in
584 1952 790 2020 Massiliotica
813 1960 846 2019 et
866 1955 899 2020 in
921 1954 1035 2020 Rhiani
1059 1953 1195 2021 editione
1218 1953 1334 2036 scripto
1356 1955 1453 2021 Zeno-

229 2067 323 2132 dotus
345 2066 459 2149 legisse
481 2065 619 2131 videtur:
1109 2073 1111 2078 ·

430 2169 509 2254 ‚odd’
524 2176 580 2259 ὅγε
603 2177 672 2262 πρὶν
694 2178 811 2262 λοιμοῖο
832 2177 969 2262 βαρείας
984 2177 1098 2266 χεῖρας
1119 2176 1238 2262 ἀφέξει.
1307 2199 1310 2202 ·

229 2289 317 2356 cuiu's
347 2289 431 2356 modi
452 2288 550 2354 uerba
577 2288 609 2353 in
638 2289 697 2354 hac
728 2289 855 2371 quidem
883 2289 972 2371 poesi
1002 2307 1064 2355 non
1092 2293 1225 2371 possunt
1248 2289 1308 2356 diei
1331 2289 1392 2356 nisi
1414 2290 1454 2356 de

229 2417 362 2482 persona
389 2418 471 2483 quae
498 2398 583 2464 haud
611 2399 745 2465 multum
775 2419 794 2466 a
821 2401 889 2466 loco
917 2399 1055 2486 quodam
1083 2401 1182 2466 abest.
1223 2400 1269 2466 ita
1296 2400 1394 2480 igitur
1421 2402 1453 2466 in

229 2510 364 2576 carmine
385 2527 435 2576 res
458 2509 626 2590 sehabet,
657 2515 694 2575 ut
716 2526 823 2576 omnes
847 2510 897 2576 dei
918 2515 1046 2593 praeter
1064 2510 1239 2593 Apollinem
1264 2510 1297 2576 in
1320 2509 1453 2594 Olympo

228 2625 405 2701 versentur,
428 2619 539 2704 Apollo
569 2620 654 2686 haud
682 2621 815 2687 multum
844 2639 864 2686 a
886 2619 1079 2687 Graecorum
1109 2621 1221 2686 castris
1253 2621 1336 2688 absit
1361 2625 1394 2687 et
1416 2641 1453 2688 ex

227 2751 286 2798 sua
315 2733 451 2798 statione
479 2731 621 2815 proxima
648 2730 861 2814 pestilentiam
889 2736 1028 2813 moveat,
1056 2733 1089 2798 in
1118 2731 1352 2799 continuatione
1378 2751 1453 2799 vero

227 2844 329 2910 altera
351 2841 401 2908 dei
423 2841 496 2907 inde
519 2861 538 2907 a
561 2841 620 2922 die,
643 2843 697 2922 qui
718 2843 879 2924 praecedit
902 2843 952 2908 die
971 2842 1102 2908 Achillei
1118 2861 1189 2908 cum
1204 2841 1336 2908 Thetide
1351 2832 1453 2908 matre

227 2951 397 3033 conloquii,
426 2952 526 3032 quod,
555 2952 583 3017 si
610 2951 724 3018 librum
752 2953 888 3034 primum
910 2972 946 3020 eo
969 2971 1031 3034 quo
1053 2971 1136 3018 nunc
1158 2954 1259 3019 utitur
1280 2952 1452 3034 adcipimus

226 3063 387 3146 conplexu,
410 3079 540 3144 vespero
563 3060 681 3128 factum
704 3068 754 3129 est
776 3064 844 3129 eius
867 3063 939 3145 diei,
962 3082 1024 3145 quo
1046 3064 1115 3130 rina
1128 3082 1239 3145 regum
1253 3063 1326 3129 iniri
1341 3069 1452 3146 coepta

228 3178 304 3255 erat,
327 3173 410 3254 apud
423 3173 593 3256 Aethiopas
616 3175 734 3240 versari
757 3191 859 3257 neque
881 3193 949 3241 esse
971 3174 1128 3241 reversuri
1148 3174 1209 3238 nisi
1224 3173 1360 3255 peractis
1376 3172 1452 3240 duo-

228 3284 327 3351 decim
357 3283 468 3350 diebus
497 3284 653 3351 dicuntur.
692 3286 864 3351 seeundum
885 3285 983 3367 igitur
1005 3267 1272 3351 continuationem
1294 3282 1344 3349 dei
1365 3284 1452 3350 rixae

227 3395 278 3462 die
301 3413 363 3462 non
384 3393 514 3460 fuerunt
534 3395 566 3459 in
589 3393 740 3478 Olympo,
762 3396 816 3462 ubi
839 3401 962 3478 tamem
991 3414 1062 3462 cum
1085 3395 1180 3462 duces
1202 3395 1302 3461 rixam
1325 3395 1451 3477 inirent,

227 3507 398 3574 secundum
412 3506 545 3589 primam
559 3506 632 3572 libri
648 3507 800 3590 Ipartem
814 3507 951 3574 fuerunt.
981 3507 1072 3572 adest
1088 3524 1173 3587 ergo,
1189 3524 1268 3585 cum,
1285 3524 1366 3587 quae
1383 3506 1450 3572 Deo

227 3621 334 3684 nostro
356 3637 385 3683 o.
397 3636 438 3682 m.
458 3620 544 3682 recte
566 3617 767 3698 adtribuitur,
790 3618 949 3701 ubiquitas
969 3617 1086 3683 nonsit
1103 3617 1231 3684 deorum
1249 3615 1448 3695 Graecorum,

227 3729 283 3794 sed
305 3728 334 3794 ei
348 3727 521 3794 secundum
544 3726 685 3793 eiusdem
698 3728 834 3793 hominis
850 3728 1038 3793 sententiam
1053 3745 1115 3791 non
1131 3726 1253 3809 possint
1267 3725 1327 3791 nisi
1342 3725 1451 3790 eodem

226 3845 367 3923 tempore
386 3857 448 3904 uno
467 3838 641 3919 eodemque
652 3839 685 3903 in
696 3838 764 3904 loco
776 3838 906 3930 versari,
926 3837 1145 3919 discrepantia,
1167 3835 1333 3918 quecquid
1345 3836 1452 3901 iubeat

226 3949 424 4033 perspicuum
446 3953 532 4015 certe
556 3950 617 4014 erit
638 3947 782 4015 omnibus
805 3949 859 4029 qui
875 3953 962 4014 recta
976 3953 1080 4012 mente
1096 3951 1237 4012 utuntur.
1268 3946 1356 4012 iubet
1369 3947 1451 4012 enim

227 4060 306 4126 duas
333 4060 402 4126 illas
425 4059 519 4140 primi
540 4059 614 4125 libri
638 4063 746 4140 partes
768 4059 921 4124 discretas
944 4059 1076 4124 diversis
1099 4057 1235 4124 adscribi
1258 4058 1448 4124 auctoribus.

228 4168 339 4236 deinde
367 4171 399 4235 in
428 4169 670 4236 continuationis
698 4169 830 4234 introitu
857 4170 940 4235 inest
967 4169 1256 4253 anacephalaeosis,
1287 4187 1367 4251 quae
1389 4168 1451 4234 iam

229 4280 426 4364 antiquitatis
454 4279 499 4345 illi
528 4280 637 4346 critico
666 4280 705 4346 de
727 4299 802 4347 vera
825 4280 933 4346 Iliadis
961 4286 995 4346 et
1017 4280 1177 4361 Odysseae
1191 4279 1321 4361 origine
1343 4297 1452 4345 secun-

227 4393 302 4458 dum
330 4391 429 4474 ipsius
451 4391 568 4473 scripta
589 4389 667 4456 nihil
688 4410 728 4458 ne
750 4391 960 4475 praesagienti
982 4391 1108 4474 quidem
1130 4389 1328 4468 Aristarcho,
1358 4406 1451 4469 quem

226 4501 423 4570 Aristonicus
456 4506 566 4568 narrat
598 4520 710 4570 versus
733 4503 761 4568 A
783 4507 844 4568 366
876 4519 943 4583 sqq.
973 4499 1126 4567 delevisse
1155 4500 1262 4584 itaque
1292 4499 1448 4566 docuisse:
