3460 5370
810 443 1022 515 -.-32-

378 699 380 706 Α
458 624 556 711 αὐτὰρ
579 625 596 687 3
616 627 709 714 μήνιε
731 625 818 713 νηνσλ
840 627 1021 714 παρήμενος
1042 624 1247 712 ὠκυπόροισιν

459 735 600 824 διογενής
617 713 747 824 Πηλῆος
767 734 843 812 οἰός,
865 733 966 805 πύύας
987 735 1069 806 ὠκὺς
1087 731 1236 824 ’ύχιλλεύς

459 845 618 933 δακρύσας
639 843 670 910 δ’
686 847 809 934 ἑτάρων
831 845 920 933 ἄφαρ
944 845 1031 921 ἕζετο
1055 847 1146 933 νοσφλ
1167 843 1314 918 λιασύείς.

304 974 378 1022 nam
399 975 457 1025 nec
478 958 578 1041 primo
600 977 704 1040 versu,
726 975 788 1040 quo
811 958 944 1024 navibus
966 955 1113 1024 adsidere
1136 957 1251 1024 dicitur
1268 956 1420 1040 Achilles,
1451 961 1528 1026 satis

305 1067 454 1135 concinne
475 1069 582 1134 statim
604 1065 784 1136 adiciuntur
805 1069 970 1152 sequentia
992 1066 1032 1135 de
1051 1067 1192 1135 solitaria
1214 1069 1354 1136 sessione
1376 1068 1418 1135 ad
1431 1071 1528 1136 maris

304 1177 380 1245 litus
402 1183 495 1262 capta
516 1182 548 1244 et
569 1178 695 1245 videtur
717 1179 846 1248 secundi
868 1179 1014 1246 carminis
1030 1179 1063 1258 (i.
1079 1198 1106 1245 e.
1125 1179 1255 1247 alterius
1270 1180 1526 1266 continuationis)

305 1294 416 1358 auctor
435 1287 577 1357 consulto
592 1306 760 1357 memorem
772 1288 900 1359 Achillis
915 1289 1006 1371 ham,
1027 1288 1117 1356 cuius
1132 1289 1349 1373 descriptione,
1372 1290 1418 1372 (id
1433 1290 1528 1372 quod,

305 1403 341 1464 ut
363 1416 458 1481 supra
474 1397 632 1480 evicimus,
655 1400 736 1466 male
755 1406 788 1468 et
803 1397 883 1466 false
898 1398 946 1482 fit)
959 1400 1095 1483 primum
1106 1419 1230 1467 carmen
1244 1419 1307 1468 vss.
1320 1401 1393 1482 488,
1405 1406 1525 1469 490-92

305 1510 515 1592 conciuditur,
545 1515 695 1593 unquam
717 1511 828 1578 matris
850 1511 975 1579 demum
997 1513 1117 1596 inperio
1139 1512 1290 1579 sancitam
1314 1512 1526 1579 introduxisse

305 1639 367 1690 vss.
387 1625 446 1688 421
469 1639 533 1703 sq.:
1601 1615 1603 1622 ’

460 1731 537 1796 ἀλλὰ
559 1733 598 1797 σὺ
617 1732 677 1818 μέν
700 1736 753 1797 νῦν
776 1734 863 1821 νηυσὶ
886 1711 1067 1823 παρήμενος
1088 1733 1307 1820 ὠκυπόροισιν,

454 1842 537 1934 μήνι’
553 1842 720 1932 Ἀχαιοῖσιν,
744 1842 879 1928 πολέμου
902 1840 936 1907 δ’
952 1844 1113 1909 ἀποπαύεο
1137 1845 1272 1930 πάμπαν.

304 1972 386 2022 nova
413 1953 511 2036 igitur
538 1955 589 2022 hic
618 1954 750 2037 adparet
778 1955 860 2021 inter
875 1943 1022 2038 'primum
1053 1974 1179 2023 carmen
1209 1963 1241 2023 et
1263 1956 1527 2023 continuationem
1648 1937 1652 1946 ’

304 2064 435 2131 alteram
463 2064 673 2149 discrepantia
705 2084 762 2132 nac
789 2085 851 2132 uon
880 2066 1089 2148 discrepantia
1118 2066 1202 2150 apud
1231 2067 1440 2150 Koechlyum,
1473 2068 1527 2152 qui

142 2219 148 2228 ·
191 2217 200 2260 ,
303 2175 355 2242 hic
383 2174 464 2242 iram
490 2175 523 2241 in
550 2176 643 2243 huius
671 2176 771 2260 partis
798 2177 930 2242 introitu
956 2181 1160 2243 memoratam
1183 2178 1342 2258 vituperat
1368 2181 1401 2244 et
1423 2181 1526 2244 tamen

304 2286 396 2354 modo
417 2286 485 2370 ipse
506 2287 636 2353 carmini
658 2287 758 2354 simile
778 2286 924 2371 praefixit
944 2286 1068 2353 initium
1090 2287 1182 2353 hoca:
1210 2287 1308 2373 αὐτὰρ
1328 2288 1345 2351 a
1362 2287 1528 2376 χωόμενος

303 2396 420 2485 κούρης
451 2395 552 2468 πόδας
581 2397 664 2467 ὠκύς
690 2395 837 2486 Ἀχιλλεύς
872 2395 1032 2483 δακρύσας
1063 2398 1186 2483 ἑτάρων
1222 2397 1311 2484 ἄφαρ
1349 2397 1436 2473 ἕζετο
1465 2399 1526 2462 κτλ.

302 2524 404 2589 neque
424 2526 499 2574 vero
530 2508 634 2575 minus
662 2527 699 2574 ex
721 2512 812 2592 parte
837 2512 923 2574 recte
951 2507 1071 2575 iudicat
1092 2508 1271 2590 Koechlyus
1294 2508 1333 2573 de
1354 2508 1528 2590 anacepha-

302 2600 400 2685 laeosi
432 2620 463 2685 in
495 2619 624 2686 alterius
654 2620 908 2701 continuationis,
942 2638 1036 2703 quam
1064 2619 1145 2684 male
1173 2638 1231 2702 pro
1259 2620 1358 2687 altero
1389 2620 1526 2685 carmine

302 2730 399 2797 hahet
425 2734 458 2796 et
484 2730 517 2797 in
549 2729 686 2797 editione
719 2729 828 2810 infert,
861 2729 950 2796 initio
983 2729 1087 2813 posita
1119 2729 1170 2795 his
1197 2731 1302 2796 verbis
1335 2749 1428 2797 usus:
1463 2730 1524 2795 iam

303 2839 442 2907 iudicare
477 2840 551 2907 licet
591 2841 630 2906 de
668 2839 723 2906 illa
763 2857 858 2922 quam
882 2839 1084 2905 Aristarchus
1118 2840 1226 2907 reiecit
1257 2839 1526 2926 ἀνοκερσλαιώσει

305 2954 462 3032 tid—92,
485 2950 573 3017 cuius
594 2951 677 3017 bona
698 2968 773 3033 pars
795 2969 871 3016 sane
894 2950 921 3016 si
943 2969 999 3034 per
1022 2969 1056 3017 se
1076 2955 1238 3034 spectatur
1258 2950 1359 3034 primo
1374 2951 1525 3034 adspectu

303 3079 324 3128 a
348 3061 527 3128 centonario
556 3081 650 3146 opere
679 3061 818 3143 proxime
841 3062 951 3129 abesse
973 3060 1111 3128 videtur:
1142 3067 1526 3143 371-75--12-15,

304 3174 461 3239 376—79
481 3201 523 3228 =
544 3176 698 3255 22—25,
721 3177 782 3239 338
805 3171 859 3238 cfr.
878 3176 935 3252 53,
966 3175 1028 3238 388
1051 3170 1272 3256 τετελέσμενος
1293 3170 1374 3235 ἐστίν
1393 3201 1433 3227 =
1453 3175 1524 3237 212.

303 3302 411 3350 verum
443 3289 546 3350 totum
577 3284 679 3351 locum
713 3284 741 3350 si
769 3283 1085 3364 consideraverimus,
1120 3284 1214 3350 etiam
1244 3284 1275 3348 in
1304 3283 1354 3348 his
1382 3287 1523 3350 nostrum

303 3399 428 3479 potitam
452 3396 573 3478 (potius
596 3395 862 3478 continuatorem)
885 3395 1127 3477 adgnoscemus,
1157 3395 1212 3475 qui
1234 3395 1377 3461 consulto
1399 3393 1526 3476 quidem

304 3526 342 3573 ex
362 3505 417 3573 iilo
439 3507 591 3588 carmine,
614 3507 665 3573 cui
687 3525 779 3574 suum
802 3505 932 3592 (rectius
955 3525 1045 3572 suam
1065 3507 1344 3589 continuationem)
1368 3504 1526 3588 adplicare

303 3617 417 3700 voluit,
444 3637 482 3684 ea
508 3617 631 3702 integra
659 3617 852 3701 deprompsit
880 3622 974 3702 atqua
1002 3617 1173 3698 inmutata,
1208 3635 1289 3699 quae
1316 3634 1374 3683 nec
1401 3615 1526 3683 brevius

303 3747 361 3796 uec
388 3727 493 3812 aptius
520 3728 582 3794 dici
608 3745 700 3811 posse
722 3727 919 3810 viderentur,
946 3729 1002 3795 sed
1024 3729 1073 3795 his
1096 3730 1136 3794 de
1157 3749 1214 3794 suo
1238 3729 1299 3794 alia
1320 3727 1405 3793 haud
1426 3745 1527 3810 pauca

304 3837 484 3921 admiscuit,
518 3839 631 3921 quibus
648 3839 799 3905 Achillem
833 3857 918 3922 esse,
951 3841 1005 3924 qui
1039 3858 1105 3907 rem
1139 3845 1372 3907 controversam
1404 3856 1462 3904 sua
1489 3856 1527 3904 ex

304 3966 439 4031 persona
472 3949 567 4017 matri
599 3949 659 4016 sibi
690 3950 902 4018 conciliandae
936 3956 1088 4034 exponat,
1126 3951 1263 4017 audituri
1295 3954 1526 4033 cognoscerent.

304 4077 405 4140 neque
437 4059 496 4126 hoc
518 4060 746 4128 Alexandrinos
778 4062 872 4128 latuit
904 4062 1088 4143 artificium,
1121 4068 1158 4128 ut
1186 4061 1318 4142 adparet
1347 4079 1384 4126 ex
1410 4059 1527 4127 scholio

304 4170 345 4237 ad
361 4174 439 4237 384:
462 4169 555 4256 ἄμμι
577 4171 620 4235 δὲ
638 4173 793 4257 μα’ντὶς·
827 4171 863 4234 ού
887 4170 1094 4260 προσέθηκεν,
1118 4172 1164 4242 ὡς
1184 4170 1278 4241 αὐτὸς
1300 4173 1353 4260 τήν
1368 4171 1528 4260 ἐκκλησίαν

306 4282 479 4371 συνήγαγεν
501 4282 574 4347 οὐδὲ
596 4283 679 4353 ἄλως
700 4279 836 4346 ἄποπτον
857 4283 968 4347 ἑαυτὸν
990 4280 1151 4372 καθίστησι
1171 4280 1213 4370 τῇ
1230 4282 1343 4371 μητέρι
1363 4283 1473 4365 (ΑΙΝ)
1494 4287 1530 4348 'et

307 4502 408 4587 (BL).
447 4508 481 4571 ot
512 4505 656 4572 adnotari
685 4509 832 4587 poterant
858 4504 937 4588 alia,
970 4505 1110 4589 quaein
1141 4506 1310 4574 vernacula
1337 4504 1528 4588 expositione
1585 4551 1588 4560 ·

305 4615 396 4697 tetigi
418 4614 532 4698 (univ).
567 4615 622 4683 sad
643 4636 683 4684 ne
705 4615 960 4684 candidissimum
980 4617 1107 4684 heroem
1129 4636 1186 4700 pro
1208 4616 1295 4683 vafro
1318 4615 1435 4682 habeas
1458 4633 1529 4681 cau·
