3460 5370
211 576 395 643 retinendus
424 581 481 642 est.
526 593 620 657 porro
647 574 849 642 Aristarchus
878 576 968 642 obelo
1000 576 1128 660 dignum
1157 581 1278 646 censuit
1308 598 1353 646 vs.
1376 585 1433 646 191

213 690 254 770 (A
268 690 352 769 192).
388 688 427 752 19
449 705 511 768 quo
530 687 608 754 haec
625 691 735 753 narrat
745 686 958 752 Aristonicus:
981 687 1027 751 ότι
1045 686 1183 754 ἐκλύεται
1199 690 1237 753 τὰ
1255 694 1313 780 τῆς
1329 691 1436 780 ὀργῆς,

213 799 260 863 διὸ
292 796 457 862 1119τεὶ991.
489 802 581 886 Ι99919
609 799 796 864 adversatus
825 797 855 862 ei
881 803 931 880 est
952 796 1128 881 philologus
1150 801 1204 866 1119
1226 819 1319 885 saepe
1341 820 1438 885 supra

211 909 360 1002 laudatus
383 910 470 976 hisce
492 910 596 976 verbis
618 927 711 975 usus:
736 908 915 975 Aristarchs
937 911 1097 995 meinung,
1120 911 1170 979 die
1186 931 1220 978 99
1235 914 1313 980 iiber
1329 913 1437 977 διαίν-

215 1022 303 1111 διχα
326 1020 540 1101 auszsprichl:
570 1020 616 1083 ότι
639 1018 695 1083 δόο
719 1018 924 1108 ἐμερίμνησεν
947 1020 1003 1085 οόκ
1025 1021 1148 1086 ἐναντία
1171 1023 1328 1112 ἀλλήλοις,
1357 1025 1436 1110 ὅπερ

215 1131 361 1215 ἐκλαβών
376 1154 422 1202 τις
437 1129 632 1218 προσέθηκεν
648 1129 686 1219 ἦε
701 1130 818 1219 χόλον
834 1131 958 1195 παόοε
968 1154 1040 1208 τεν,
1056 1133 1098 1198 ist
1110 1134 1318 1215 unnstllrlich,
1334 1135 1437 1202 asthe-

212 1245 332 1310 tisches
354 1243 527 1324 bedenken,
551 1243 625 1309 1999
647 1242 736 1308 nicht
756 1262 798 1307 zu
818 1242 956 1325 billigen,
979 1243 1036 1309 hat
1056 1244 1111 1309 ihn
1133 1265 1191 1334 999
1212 1245 1354 1313 91191999
1376 1264 1436 1312 999

214 1359 274 1420 192
298 1354 363 1420 991
394 1354 493 1420 demit
521 1373 579 1418 zur
601 1352 741 1421 falscheu
764 1352 935 1437 erklarung
957 1373 1017 1421 von
1040 1354 1226 1447 διάνδιχα
1247 1358 1434 1437 veranlaszt,

212 1483 256 1531 vs.
278 1469 337 1530 192
360 1464 520 1530 schwtcht
540 1464 742 1548 heinesweg's,
766 1465 808 1530 191
824 1466 975 1531 vielmehr
997 1467 1092 1550 vdliig
1113 1469 1157 1532 im
1179 1466 1250 1552 stile
1273 1470 1328 1535 des
1350 1471 1436 1535 alten

213 1577 389 1659 volksepos.
430 1595 523 1659 porro
546 1581 684 1643 999194
704 1593 751 1657 99.
775 1577 892 1653 (1195
911 1579 971 1660 99.)
997 1582 1124 1658 20199.
1147 1578 1262 1660 (1208
1282 1584 1343 1659 99.)
1367 1580 1436 1644 Ari-

211 1687 413 1754 9199999999
436 1688 514 1769 loco,
537 1683 600 1768 quo
621 1687 758 1769 primum
780 1687 937 1769 leguntur,
960 1688 1138 1755 Zenodotus
1160 1708 1207 1768 eo,
1229 1706 1292 1770 quo
1311 1689 1435 1770 iterum,
1459 1705 1463 1710 ·

212 1799 314 1864 abicit.
352 1803 485 1879 uterque
500 1799 591 1878 male,
615 1816 804 1882 quanquam,
830 1799 856 1864 si
871 1799 995 1866 omnino
1010 1799 1115 1882 aliquo
1129 1801 1197 1867 loco
1212 1801 1337 1867 delendi
1351 1806 1433 1882 sunt,

211 1911 242 1976 19
271 1928 307 1975 99
334 1905 420 1975 99919
436 1910 637 1976 Aristarchus
666 1910 799 1989 iudicat,
831 1911 915 1991 quod
943 1927 996 1976 eos
1025 1911 1126 1993 primo
1149 1913 1298 1978 delendos
1320 1918 1435 1979 censet.

210 2021 363 2086 habemus
385 2025 491 2087 autem
513 2020 597 2103 apud
620 2020 833 2088 Aristonicum
855 2021 896 2086 ad
918 2022 1019 2087 ussh
1039 2027 1100 2086 195
1124 2040 1169 2105 sq.
1185 2023 1298 2090 haece:
1322 2023 1435 2107 ὀβελὸς

209 2131 266 2195 σὺν
289 2129 482 2217 ἁστερόσκῳ,
512 2131 559 2195 ότι
581 2129 637 2195 οὐκ
657 2128 768 2217 όρόῶς
789 2129 824 2194 ἐκ
846 2136 899 2195 τοῦ
924 2136 1078 2221 ποιητικοῦ
1101 2135 1273 2220 προσώπου
1295 2134 1435 2218 λέγονται

211 2247 244 2308 91
270 2241 311 2307 ad
333 2242 434 2306 vsah
454 2246 516 2306 208
544 2259 590 2325 sq.
614 2242 723 2310 haece:
754 2243 799 2306 ότι
830 2243 1032 2330 ἀμφοτέρους
1061 2244 1241 2333 Ζηνόδοτος
1266 2241 1433 2333 ἡθέτηκεν·

212 2351 330 2421 οἰκείως
356 2351 393 2415 δὲ
417 2351 537 2437 μάλλον
566 2355 678 2417 κεῖνται
707 2353 741 2424 ἐς
770 2356 952 2442 προτροπὴν
981 2357 1034 2418 τοῦ
1063 2354 1233 2444 Ἀχιλλέως.
1276 2356 1333 2421 sed
1347 2359 1434 2422 »sunt

213 2481 320 2530 versus
341 2469 477 2545 utroque
498 2464 565 2530 loco
588 2464 752 2530 retinendi.
784 2465 981 2545 aptissimum
1000 2466 1082 2531 enim
1099 2471 1148 2531 991
1164 2465 1224 2532 1191
1239 2483 1259 2530 9
1273 2471 1366 2547 99919
1380 2483 1434 2532 999

213 2592 320 2640 versus
349 2575 512 2656 repetique
540 2575 722 2641 aMinerva
753 2576 791 2642 de
821 2575 907 2642 caelo
936 2575 1042 2658 lapsa,
1070 2594 1141 2642 cum
1170 2577 1435 2642 91999911999199
1501 2619 1502 2622 =

211 2702 336 2766 caussa,
366 2685 524 2751 9991999
547 2685 721 2752 Minervam
751 2686 888 2767 miserit,
917 2687 949 2751 in
980 2705 1017 2751 eo
1043 2686 1161 2767 posita,
1192 2689 1275 2768 quod
1298 2685 1435 2752 noluerit

211 2796 347 2861 alterum
369 2800 475 2860 utrum
498 2795 630 2862 heroum
646 2797 727 2862 inter
743 2815 777 2862 99
791 2797 959 2862 rixantium
973 2795 1115 2862 hocloco
1130 2796 1227 2879 perdi.
1258 2797 1434 2878 haconem,

211 2907 243 2972 in
267 2906 382 2989 quibus
404 2925 561 2972 summum
583 2912 633 2973 991
649 2913 851 2987 momentum,
873 2908 922 2973 bis
939 2907 1000 2972 dici
1015 2908 1085 2989 quis
1099 2908 1279 2990 vituperet?
1300 2907 1434 2988 denique

211 3019 390 3084 Zenodotus
419 3019 514 3084 abicit
541 3037 598 3084 sno
628 3020 758 3085 arbitrio
789 3036 909 3098 suoque
938 3035 1033 3083 sensu
1055 3018 1155 3098 magis
1177 3035 1272 3098 quam
1293 3023 1380 3085 recta
1402 3023 1435 3083 91

212 3129 366 3211 probabili
388 3146 500 3194 caussa
522 3128 621 3194 fretus
645 3146 707 3195 uss.
729 3133 881 3194 224-233
899 3126 941 3214 (A
959 3129 1134 3210 225-234).
1168 3129 1433 3210 9999911919919

213 3239 367 3304 nuntiavit
394 3257 496 3320 neque
522 3217 662 3322 dignam,
691 3258 786 3323 quam
806 3239 970 3320 refutaret,
994 3239 1117 3305 censuit
1133 3239 1351 3321 Aristarchus,
1380 3240 1434 3322 qui

213 3350 245 3414 in
267 3349 380 3416 scholis
403 3350 468 3414 suis
492 3351 595 3432 diplen
618 3351 659 3415 ad
682 3368 735 3416 999
752 3368 861 3416 versus
884 3347 1039 3431 adpictum
1062 3368 1125 3414 non
1139 3350 1231 3416 aliter
1246 3349 1435 3419 inlustrabat

211 3461 272 3526 nisi
300 3461 348 3526 his
371 3461 490 3528 verbis:
519 3462 565 3524 ότι
587 3460 768 3549 Ζηνόδοτος
797 3463 905 3523 τοῦτον
928 3461 981 3523 τὸν
1003 3459 1097 3524 τόπον
1119 3449 1281 3548 ἠόέτηκεν
1297 3460 1360 3531 ἕως
1381 3465 1434 3526 τοῦ

212 3575 274 3636 ναὶ
301 3572 353 3655 ρὰ
376 3570 465 3634 τόδε
493 3575 700 3660 σκῆπτρον.
734 3589 796 3637 999
818 3573 924 3652 991991
945 3569 1012 3636 9119
1029 3571 1097 3636 9199
1119 3571 1297 3638 9199199999
1320 3591 1434 3639 999999

211 3682 352 3763 19199191,
376 3681 438 3746 9191
460 3701 540 3764 quae
563 3682 595 3746 in
617 3680 817 3762 simplicitate
835 3680 1005 3746 Homerica
1026 3682 1220 3748 aZencdoto
1242 3683 1344 3748 minus
1365 3702 1435 3765 per·

212 3798 302 3876 99919
323 3793 427 3876 999119
450 3797 507 3858 991.
548 3811 629 3874 quae
651 3809 725 3856 vero
752 3808 826 3871 nos,
859 3788 973 3873 quibus
987 3810 1051 3881 ,per
1072 3791 1218 3858 Wolfium
1240 3799 1273 3860 91
1291 3793 1436 3862 Vossium

211 3905 330 3987 aliquid
355 3922 466 3971 sensus
495 3904 562 3970 eius
588 3901 798 3984 simphcitatis
821 3902 1056 3969 conmunicatus
1079 3909 1142 3984 est,
1170 3904 1212 3969 ad
1233 3905 1438 3987 9999991199·Ι

211 4017 283 4083 dam
312 4017 468 4083 athetesin
496 4033 558 4080 non
585 4018 691 4095 potest
718 4031 851 4080 movere.
889 4017 1054 4095 praeterea
1074 4014 1198 4080 omissis
1225 4016 1270 4082 eis
1292 4017 1435 4083 versibus

212 4127 424 4207 desideratur,
454 4125 538 4192 unde
558 4124 711 4218 Achillem
740 4125 897 4191 discamus
926 4130 1012 4190 99919
1040 4125 1221 4193 adhibuisse
1249 4144 1330 4208 quae
1358 4129 1388 4194 ei
1416 4147 1436 4193 a

213 4237 354 4304 Minerva
376 4254 524 4304 concessa
547 4240 647 4303 erant.
681 4236 760 4302 haec
781 4236 878 4319 igitur
899 4236 1082 4317 habuimus,
1105 4255 1186 4318 quae
1209 4238 1247 4304 de
1268 4238 1368 4320 primo
1391 4238 1436 4303 di-

212 4365 353 4414 ceremus
376 4349 522 4429 carmine,
546 4348 629 4427 quod
651 4346 946 4427 91999119199117,
966 4351 1037 4428 265,
1057 4349 1118 4411 290
1137 4348 1432 4414 9991199111948.

211 4460 268 4528 991
289 4460 321 4524 19
343 4460 460 4527 9991919
479 4441 592 4524 1119119
611 4457 799 4524 editionibus
818 4458 938 4524 adnexa
957 4461 1030 4522 sunt
1047 4457 1201 4538 quaedam
1216 4457 1289 4525 huic
1307 4457 1436 4524 carmini

213 4588 312 4653 eaque
340 4588 442 4652 neque
471 4570 548 4638 satis
578 4587 649 4637 cum
671 4569 739 4651 ipso
763 4569 900 4635 carmine
923 4569 1088 4634 concinunt
1109 4586 1166 4634 nec
1189 4573 1273 4634 recte
1294 4567 1377 4634 inter
1401 4587 1435 4634 se

1192 4669 1231 4726 20
