3460 5370
704 377 917 440 -25-

198 564 260 630 et
250 581 283 629 m
307 563 375 629 eius
397 561 481 628 exitu
504 560 609 645 plures
633 559 701 629 dies
723 561 843 645 peracti
865 578 934 628 esse
956 562 1062 629 dicant
1048 566 1101 630 tur
1122 562 1209 631 hisce
1225 563 1384 632 versibus:

352 673 450 760 αὐτὰρ
473 673 490 736 θ
510 673 602 760 ρὴνιε
626 673 714 761 νφοοὶ
737 673 918 762 παρήμενος
938 665 1165 761 ὠκυπόροισιν

352 783 494 872 διογενὴς
514 781 640 871 Πηλῆος
662 783 735 859 οἶός,
759 782 900 853 πόθοις’
879 783 962 854 ιοκος
977 781 1135 874 Ἀχιλλεύς

354 891 427 958 οὔτε
447 899 513 958 ποτ’
530 894 575 964 ελς
596 893 716 982 ἀγορὴν
739 892 917 958 πωλέσκετο
938 887 1140 982 κυδιάνειραν

352 1001 425 1070 οὔτε
448 1004 513 1068 ποι)
536 1002 571 1074 ἐς
592 1004 736 1089 πόλεμον,
759 1003 836 1068 ἀλλὰ
859 1002 1051 1092 φθινύθεσκε
1073 1004 1161 1092 φίλον
1183 1009 1242 1095 κῆρ

353 1111 426 1179 αὖθι
444 1114 559 1200 μένων,
583 1111 737 1178 ποθέεσκε
758 1113 897 1204 θάϋτῆν
920 1138 953 1179 τε
975 1115 1127 1201 πτόλεμόν
1149 1139 1193 1193 τε,

199 1245 332 1309 quorum
354 1243 502 1293 versuum
524 1225 668 1306 athetasi,
690 1243 785 1308 quam
806 1226 1058 1309 pronuntiavisse
1080 1226 1273 1294 Zenodotum
1297 1245 1335 1295 ex
1353 1227 1422 1296 dri-

199 1337 345 1404 starchea
359 1335 399 1403 ad
410 1353 456 1401 vs.
469 1339 531 1401 488
548 1335 695 1402 discimus
708 1334 769 1402 hac
784 1335 1001 1404 adnotatione:
1017 1337 1063 1402 ὅτι
1079 1335 1259 1426 Ζηνόδοτος
1271 1335 1422 1428 bleranae

202 1447 264 1520 ἕως
279 1449 332 1512 τοῦ
349 1443 442 1511 αὖθι
454 1445 594 1531 ρένιον.
618 1447 670 1509 τὸν
685 1443 928 1511 θὲοῦτεποτ’
944 1446 1170 1532 ε’ςπόλερον
1185 1447 1259 1512 οὐδὲ
1274 1445 1424 1536 ἔγραφεν,

201 1560 276 1626 nihil
299 1558 479 1626 restituitur
500 1563 605 1624 rectus
627 1556 711 1622 iuter
732 1557 865 1640 primam
887 1557 1152 1624 continuationem
1173 1562 1206 1625 et
1228 1559 1358 1626 ulterius
1381 1561 1420 1626 al·

203 1676 304 1736 teram
333 1673 454 1752 partem
484 1685 634 1749 conexus,
666 1685 735 1734 eum
757 1671 940 1734 remaneant
962 1687 1071 1734 versus
1087 1672 1196 1734 475-
1210 1674 1250 1734 77
1274 1687 1425 1737 conexum

146 1867 150 1876 .
203 1780 351 1847 delentes,
383 1780 467 1863 quod
491 1779 637 1861 eiigitur
660 1797 731 1845 cum
752 1779 883 1846 unitatis
905 1779 1084 1863 pastoribus
1107 1784 1209 1848 totum
1230 1781 1345 1849 librum
1363 1783 1426 1866 pri·

203 1909 288 1957 mum
317 1891 464 1956 etunius
487 1889 625 1956 auctoris
648 1908 718 1956 esse
740 1894 772 1955 et
794 1891 835 1958 ab
857 1909 894 1956 eo
916 1908 978 1958 uno
1001 1895 1131 1958 auctore
1153 1910 1190 1958 eo
1213 1891 1335 1974 ordine,
1362 1909 1425 1974 quo

203 2020 285 2068 nuno
307 2002 340 2067 in
362 1999 592 2096 exemplaribus
612 2001 744 2084 legitur,
775 2001 971 2083 conpositum
992 2019 1120 2068 censere
1142 2001 1311 2080 vellemus,
1341 2007 1426 2070 certe

201 2132 264 2180 non
301 2113 487 2179 dormitasse
520 2111 636 2192 solum,
678 2111 734 2178 sed
767 2113 969 2179 vehementer
1002 2113 1167 2180 stertuisse
1200 2117 1232 2179 et
1265 2113 1427 2198 ineptiisse

203 2241 274 2291 eum
297 2241 390 2308 quem
411 2222 582 2288 Homerum
605 2227 719 2290 vocant
741 2227 901 2307 oporteret
922 2224 1106 2290 diceremus.
1142 2223 1255 2304 quodsi
1275 2242 1350 2290 vero
1373 2241 1427 2291 no·

203 2334 306 2401 lumus
328 2333 406 2399 illud
427 2351 560 2416 ponere,
587 2351 649 2400 nou
670 2351 838 2417 possumus
860 2334 935 2415 quin
958 2333 1159 2401 Lachmanno
1181 2352 1220 2400 eu
1241 2334 1344 2402 tribus
1364 2335 1426 2402 illis

205 2445 334 2527 singulis
357 2443 783 2528 partibuslibmmprimum
798 2445 942 2510 inunum
958 2462 1071 2528 corpus
1087 2462 1107 2509 a
1123 2428 1426 2528 conglutinatoribus

205 2556 409 2623 concedamus
431 2573 581 2622 conexum
604 2572 681 2637 esse,
708 2560 745 2622 ut
766 2560 988 2622 concesserunt
1008 2555 1169 2637 Hauptius
1191 2559 1224 2621 et
1237 2555 1425 2639 Koechlyue.

205 2667 261 2734 sed
280 2667 395 2734 ianiam
418 2673 578 2749 superest,
609 2671 660 2749 ut,
691 2685 761 2732 cum
791 2667 924 2733 alteram
947 2665 1213 2734 continuationem
1234 2684 1336 2749 neque
1357 2685 1427 2734 cum

205 2779 342 2845 carmine
363 2796 466 2862 neque
488 2778 682 2861 cumprime
704 2778 938 2844 continuatione
960 2796 998 2843 ex
1021 2777 1164 2844 omnibus
1183 2778 1326 2861 partibus
1341 2783 1427 2846 recte

204 2890 367 2956 concinere
388 2888 651 2970 interlexerimus,
673 2907 742 2955 eam
764 2907 821 2972 per
843 2907 877 2954 se
900 2888 1112 2971 inspiciamus,
1136 2892 1172 2954 ut
1193 2907 1428 2971 cognoscamus

205 3001 279 3082 quid
305 3000 344 3066 de
366 3018 404 3065 ea
425 2999 494 3083 ipsa
515 2998 718 3065 iudicandum
740 2999 797 3080 sit,
820 3004 927 3065 utrum
949 2998 1029 3065 hauc
1051 3016 1176 3082 quoque
1197 3005 1320 3083 partem
1341 3004 1427 3067 recte

203 3110 374 3178 habeamus
402 3129 459 3194 pro
486 3109 569 3175 malo
592 3114 624 3176 et
646 3111 752 3193 inepto
774 3114 952 3193 postremae
974 3115 1030 3175 aut
1050 3107 1256 3193 rhapsodicae
1278 3117 1334 3177 aut
1356 3130 1428 3178 cou-

205 3221 396 3289 cinnatoriae
419 3223 532 3288 aetatis
555 3221 768 3288 additamento
791 3225 823 3287 et
846 3226 977 3288 centone
999 3239 1039 3286 an
1062 3221 1193 3303 aequius
1216 3221 1255 3288 de
1277 3239 1315 3288 ea
1329 3222 1426 3305 possi-

204 3353 275 3400 mus
300 3332 440 3417 prolerre
470 3332 626 3400 iudicium.
668 3338 776 3400 nostra
797 3332 923 3416 quidem
945 3333 1101 3399 sententia
1123 3352 1160 3398 ea
1182 3333 1373 3400 continuatio
1395 3333 1428 3399 in

205 3445 274 3528 ipsa
298 3451 334 3511 ut
355 3444 400 3511 ita
422 3445 562 3511 dicamus
585 3446 692 3514 schola
705 3445 875 3512 Homerica
896 3450 966 3512 orta
989 3448 1047 3526 est,
1069 3444 1125 3511 sed
1147 3447 1252 3510 aetate
1267 3443 1427 3529 aliquanto

204 3557 376 3639 posteriore
405 3573 499 3637 quam
527 3573 589 3638 qua
612 3557 715 3639 ipsum
736 3558 871 3640 primum
894 3574 1018 3623 carmen
1041 3560 1200 3623 cantatum
1223 3557 1358 3639 primum
1380 3561 1429 3624 est

204 3685 302 3733 asuo
324 3671 434 3750 potita,
457 3671 562 3732 aetate
585 3667 702 3734 scilicet
724 3686 778 3749 ea,
801 3685 874 3752 qua,
897 3671 933 3734 ut
956 3667 1084 3734 Curtius
1106 3667 1138 3732 in
1160 3667 1283 3749 libello,
1306 3668 1361 3752 qui
1382 3667 1429 3734 in·

204 3778 365 3845 scribitur:
388 3778 467 3844 iiber
489 3778 549 3844 den
573 3779 828 3861 gegenwartigen
850 3777 944 3843 stand
967 3777 1023 3843 der
1036 3777 1119 3842 hom.
1135 3776 1233 3860 frage,
1254 3778 1429 3846 rectissime

203 3888 291 3970 dixit,
313 3888 444 3956 extremi
458 3889 504 3954 illi
518 3889 705 3972 antiquioris
722 3889 846 3956 scholae
860 3888 1046 3955 Homericae
1060 3889 1209 3972 vigebant
1224 3888 1324 3971 coedi,
1347 3906 1428 3970 quos

202 4005 294 4065 vocat
315 3999 534 4081 nachdichter,
562 4018 696 4083 quorum
725 4001 823 4066 aetati
844 3999 930 4082 quod
953 3999 1047 4067 etiam
1069 3998 1201 4083 primam
1223 3998 1449 4065 continuatio·

201 4129 273 4176 nem
294 4112 328 4176 et
348 4110 553 4176 Troianorum
576 4110 608 4175 in
631 4111 658 4175 B
681 4111 876 4194 catalogum,
907 4129 986 4196 quas
1008 4115 1115 4195 pantes
1138 4129 1207 4176 ease
1229 4114 1352 4176 constat
1373 4116 1429 4178 aut
1488 4109 1494 4116 '

201 4220 406 4304 rhapsodioae
432 4224 503 4302 aut,
533 4220 566 4285 id
589 4221 673 4303 quod
695 4223 762 4288 veri
785 4224 916 4289 similius
939 4227 1004 4305 est,
1033 4221 1282 4289 concionatoriae
1304 4222 1446 4302 aetatis,

202 4330 364 4412 adtribuit,
387 4350 424 4396 ex
446 4331 556 4414 paucis
577 4331 661 4398 vitiis
685 4336 742 4414 est,
765 4353 847 4416 quae
868 4334 901 4399 in
922 4333 1028 4400 libello
1051 4350 1108 4398 suo
1123 4331 1252 4397 Curtius
1274 4331 1427 4413 conmisit,

202 4441 289 4508 aliud
320 4461 427 4508 eorum
450 4441 657 4510 refutavimus
678 4443 711 4508 in
739 4443 814 4510 dies.
830 4444 935 4527 inaug.
954 4462 1026 4529 pag.
1047 4447 1097 4509 36.
1130 4459 1239 4509 verum
1260 4442 1353 4508 huius
1374 4460 1428 4526 po·

200 4555 369 4622 steriomm
392 4545 562 4621 aoedorum
584 4554 698 4621 aetatis
721 4573 790 4622 eam
810 4555 942 4624 alteram
956 4555 1048 4638 primi
1063 4552 1208 4620 carminis
1224 4553 1424 4620 continuatio
