3460 5370
798 393 1007 454 ..44-

292 570 395 653 gratia
417 571 573 654 digamma
593 572 801 655 perdiderunt
822 578 855 639 et
877 572 1010 640 fortasse
1032 576 1207 658 catalogum
1230 577 1435 644 Troianorum
1464 581 1516 645 ad-

294 682 460 762 diderunt,
487 683 549 749 nisi
575 683 656 750 forte
677 685 726 750 vel
748 683 775 749 is
798 689 834 748 ut
855 684 973 750 multae
995 685 1075 751 aliae
1096 692 1203 766 partes
1224 687 1417 754 Pisistrateis
1444 708 1518 755 con-

292 792 505 860 cinnatoribus
534 795 761 860 adtribuendus
791 799 848 860 est.
891 795 1024 876 denique
1041 797 1135 876 11111
1165 804 1380 879 praeteream
1403 801 1518 866 discre-

290 903 431 985 pantiam
459 903 563 969 omnia
590 904 713 986 reliqua
740 905 771 970 in
805 905 905 987 primo
934 905 1013 971 libro
1036 911 1122 972 recte
1144 909 1315 988 concinere,
1339 911 1517 991 cohaerere,

290 1013 415 1096 placere
438 1013 522 1094 dicit,
544 1014 577 1078 id
599 1032 707 1079 verum
728 1033 791 1079 non
810 1032 878 1080 esse
896 1033 933 1079 ex
947 1016 1204 1082 antecedentibus
1221 1023 1354 1083 cunstat.
1386 1019 1518 1101 adparet

291 1123 388 1204 igitur
416 1122 518 1188 denuo
548 1141 610 1188 nou
638 1141 732 1205 posse
754 1144 774 1189 a
794 1125 946 1206 principio
970 1126 1146 1192 cohaesisse
1167 1126 1260 1209 primi
1282 1127 1355 1193 libri
1377 1129 1517 1210 singulas

290 1236 406 1313 partes
445 1231 502 1298 sed
523 1231 798 1314 Friedlaenderus,
827 1235 882 1317 qui
911 1253 949 1301 ea
976 1236 1058 1301 inter
1085 1237 1177 1318 primi
1205 1237 1278 1302 libri
1308 1237 1389 1303 duas
1409 1243 1516 1320 partes

291 1341 501 1423 discrepantia
520 1359 584 1406 non
606 1342 757 1424 inpediri,
779 1344 855 1423 quin
877 1364 933 1412 eae
955 1347 1018 1410 sint
1040 1347 1132 1412 unius
1154 1352 1187 1412 et
1208 1348 1312 1428 operis
1336 1351 1368 1412 11
1389 1353 1511 1430 poetae,

290 1469 325 1516 se
347 1451 478 1518 evicisse
500 1452 687 1532 somniatur,
711 1453 887 1521 cohaesisse
909 1473 928 1519 a
948 1456 1099 1537 principio
1122 1476 1176 1523 eas
1198 1462 1305 1537 partes
1327 1458 1447 1523 iudicat
1469 1467 1509 1540 et,

292 1579 362 1626 cum
383 1561 484 1641 primo
507 1562 656 1643 adspectu
678 1562 777 1629 uideri
799 1563 913 1630 debere
938 1566 1107 1648 interlegat
1128 1567 1310 1633 incredibile
1333 1569 1512 1647 conplexum

292 1677 508 1738 sexcentorum
537 1672 681 1738 undecim
710 1691 857 1738 versuum
884 1693 947 1740 non
977 1693 1046 1740 esse
1075 1695 1137 1742 uno
1167 1677 1257 1758 quasi
1279 1677 1394 1759 spiritu
1417 1678 1518 1745 decla-

291 1787 419 1864 matum,
443 1783 498 1848 sed
521 1781 715 1849 declamandi
737 1801 850 1850 caussa
871 1785 904 1849 in
924 1785 1003 1850 duas
1025 1791 1132 1866 partes
1152 1787 1340 1868 dissectum,
1363 1807 1518 1871 exponere

292 1896 398 1957 utrum
432 1892 464 1957 id
499 1892 614 1958 factum
649 1909 718 1959 esse
746 1893 914 1960 verisimile
940 1895 981 1960 sit
1008 1915 1105 1962 necne
1133 1915 1211 1979 opus
1240 1898 1336 1963 ducit.
1386 1917 1423 1963 ac
1445 1917 1519 1964 vere

292 2003 418 2084 quidem
440 2003 609 2069 dissectum
625 2005 712 2070 illum
732 2005 916 2087 conplexum
931 2024 1000 2072 esse
1014 2007 1197 2088 priusquam
1213 2008 1303 2073 nobis
1318 2009 1518 2089 persuadeat,

292 2115 484 2196 argumentis
507 2116 711 2181 evincendum
732 2116 765 2180 id
787 2120 844 2182 est.
890 2117 945 2182 sed
967 2135 1042 2182 num
1063 2117 1095 2180 in
1118 2136 1175 2183 suo
1197 2115 1301 2184 libello
1324 2116 1444 2199 profert
1468 2137 1519 2182 ar-

291 2228 483 2306 gumentum,
506 2244 568 2307 quo
591 2225 645 2290 illa
666 2226 706 2290 de
729 2226 862 2291 dissecto
881 2227 980 2307 primu
999 2228 1078 2293 libro
1096 2228 1199 2309 opinio
1213 2226 1377 2293 firmetur?
1399 2245 1518 2308 nequa·

291 2353 393 2416 quam.
425 2339 532 2401 censet
555 2335 637 2400 enim
659 2353 729 2399 eam
752 2335 927 2416 opinionem
950 2335 1023 2401 inde
1046 2355 1115 2402 esse
1137 2337 1409 2417 verisimillimam,
1433 2337 1517 2418 quod

291 2446 420 2511 alterius
447 2445 546 2527 partis
568 2445 656 2509 initio
678 2445 721 2511 111
742 2447 1028 2527 anacephalaeosis,
1063 2465 1158 2529 quam
1180 2447 1220 2512 ab
1240 2447 1422 2513 Aristarcho
1445 2453 1520 2512 eta

292 2555 490 2621 Lachmanno
518 2575 538 2620 a
565 2557 683 2637 primae
711 2557 810 2638 partis
833 2561 962 2622 auctore
984 2556 1196 2622 abiudicatam
1218 2557 1285 2639 ipse
1308 2557 1427 2622 iudicat
1448 2576 1519 2624 esse

292 2685 311 2730 1
333 2665 488 2747 rhapsodo
510 2665 672 2744 intrusam,
696 2666 751 2746 qui
773 2667 904 2732 alteram
920 2671 1041 2746 partem
1058 2667 1124 2732 sine
1139 2667 1240 2746 prima
1255 2667 1422 2746 protulerit
1436 2668 1519 2732 eius-

291 2795 353 2858 que
380 2776 499 2857 primae
527 2775 627 2859 partis
657 2793 731 2841 suos
761 2777 921 2842 auditores
950 2776 1085 2842 voluerit
1114 2775 1377 2843 conmonefacere.
1423 2781 1519 2856 atque

291 2887 372 2954 hanc
392 2885 516 2966 quidem
539 2886 816 2968 anacephalaeosin
839 2887 884 2952 ita
905 2891 1007 2952 ortam
1030 2886 1181 2952 creditam
1204 2905 1346 2952 caussam
1370 2905 1438 2952 esse
1453 2887 1518 2968 opi·

292 3002 394 3077 natur,
417 3016 473 3063 cur
494 2997 613 3080 primus
634 2997 715 3064 liber
736 2999 909 3074 censendus
932 2997 974 3062 sit
996 2996 1162 3077 aliquando
1185 2997 1217 3060 in
1240 2995 1318 3061 duas
1334 3001 1440 3078 partes
1456 2997 1519 3062 dis-

291 3107 391 3174 iectus
421 3125 499 3174 esse.
541 3109 597 3173 sed
626 3108 743 3174 addere
771 3107 824 3174 ille
852 3107 1021 3174 intermisit
1050 3113 1082 3172 11
1110 3107 1164 3187 111
1194 3126 1231 3172 11
1257 3108 1361 3188 opinio
1383 3127 1421 3172 ex
1444 3126 1519 3173 111-

291 3218 487 3300 cephalaeosi
508 3222 617 3300 pateat
639 3223 671 3284 et
687 3237 743 3284 cur
761 3237 829 3285 eam
845 3218 1123 3300 anacephalaeosin
1141 3234 1203 3281 non
1222 3218 1267 3282 ita
1282 3221 1383 3283 ortam
1399 3217 1516 3297 credat,

292 3334 328 3393 ut
349 3347 419 3394 eam
441 3335 542 3394 ortam
566 3333 672 3393 censet
694 3328 924 3409 Lachmannus,
946 3329 1034 3394 cuius
1057 3347 1094 3393 ea
1116 3327 1221 3393 dicens
1243 3326 1418 3392 rectissime
1434 3326 1519 3392 dicta

290 3438 388 3504 haece
415 3437 519 3504 adiert
539 3439 650 3505 uerba:
680 3439 725 3503 sie
755 3439 798 3504 ist
826 3438 899 3504 sehr
920 3440 1017 3505 schlin
1039 3439 1070 3503 11
1094 3439 1194 3504 einem
1216 3437 1335 3503 andern
1358 3437 1453 3517 liede,
1484 3438 1517 3502 in

292 3551 378 3616 einer
400 3549 610 3632 fortsetzung,
641 3549 692 3616 die
714 3567 748 3614 su
771 3568 811 3614 an
834 3549 924 3614 einen
951 3550 1070 3614 andern
1092 3567 1210 3631 gesang
1233 3547 1375 3631 anmutig
1396 3547 1517 3626 curticle

292 3659 444 3740 erinnert,
474 3678 544 3726 cum
566 3664 671 3726 tamen
692 3658 744 3726 bic
766 3677 835 3725 esse
857 3665 984 3726 censeat
1005 3678 1106 3741 neque
1129 3659 1392 3725 continuationem
1415 3675 1518 3738 neque

291 3771 377 3836 uliud
410 3789 548 3851 carmen,
596 3775 629 3836 et
661 3789 718 3836 cur
749 3770 830 3836 hanc
864 3770 1158 3851 anacephalaeosin,
1201 3786 1282 3848 qnae
1315 3772 1420 3832 tamen
1455 3784 1518 3831 non

292 3880 473 3960 simpliciter
500 3900 538 3946 ex
568 3881 670 3962 prima
698 3885 787 3962 parte
815 3881 946 3962 adrepta
968 3899 1069 3962 neque
1091 3899 1128 3944 ex
1151 3880 1270 3959 primae
1292 3878 1391 3959 partis
1415 3880 1518 3942 cento-

291 3992 382 4058 nibus
405 3996 535 4057 consuta
558 3995 614 4069 est,
638 3995 764 4057 auctore
780 3991 867 4071 epico
882 3991 1043 4073 indignam
1060 3993 1194 4055 censeat.
1230 3987 1386 4070 sicigitur
1401 4003 1517 4066 nequa·

291 4121 385 4183 quam
412 4102 451 4167 ab
479 4120 516 4167 eo
545 4102 681 4166 evictum
708 4105 772 4181 est,
801 4118 903 4180 neque
924 4100 1115 4165 Lachmanni
1137 4101 1324 4179 argumenta
1346 4096 1426 4162 falsa
1447 4115 1517 4162 esse

291 4232 393 4296 neque
420 4213 554 4295 primum
577 4211 684 4276 Iliadis
713 4210 827 4276 librum
849 4229 868 4275 a
890 4209 1039 4292 principio
1064 4228 1127 4274 uno
1150 4214 1258 4274 tenore
1282 4211 1442 4273 cantatum
1465 4207 1516 4272 de-

292 4324 445 4389 clamandi
473 4323 575 4406 gratia
603 4322 635 4387 in
665 4323 744 4388 duas
771 4327 877 4404 partes
906 4319 1074 4386 dissectum
1105 4338 1206 4400 neque
1235 4318 1367 4384 alteram
1395 4322 1517 4398 partem

291 4452 383 4516 posse
401 4452 420 4498 a
436 4433 555 4516 primae
573 4437 702 4499 auctore
719 4436 821 4497 ortam
833 4449 910 4496 esse.
934 4447 1008 4511 ergo
1021 4447 1234 4510 quaecumque
1245 4427 1516 4507 Friedlaenderus,

291 4550 328 4609 ut
357 4549 422 4609 tres
450 4543 519 4609 illas
546 4547 669 4626 partes,
706 4559 786 4623 quas
814 4542 1032 4609 Lachmannus
1066 4559 1103 4606 ex
1131 4540 1230 4621 primo
1259 4538 1338 4603 libro
1367 4537 1517 4619 exsecuit,
