3460 5370
686 460 897 520 „17-

180 645 383 713 Aristarchus
405 645 488 711 enim
510 643 593 724 diple
615 644 658 709 ad
679 661 806 708 versum
828 642 953 725 adpicta
975 641 1146 723 discipulos
1169 658 1243 708 suos
1265 646 1298 706 et
1311 642 1405 708 Zeno·
1502 673 1508 688 ·

181 758 290 824 dotum
312 773 438 822 versum
467 753 619 820 delevisse
648 758 681 820 et
701 769 825 819 versum
856 751 1053 819 retinendum
1083 771 1152 819 esse
1175 751 1408 820 docerevoluit

181 886 332 950 suamque
356 867 394 933 de
417 885 453 932 eo
477 865 664 932 sententiam
685 865 731 930 ita
751 863 929 946 proposuit:
952 863 998 926 ὅτι
1020 861 1199 951 Ζηνόδοτος
1220 862 1312 927 αὐτὸν
1334 860 1404 951 dd&-

184 1001 285 1066 τηκεν·
308 979 354 1047 ὡς
376 982 431 1066 τῆς
453 976 592 1052 διανοίας
616 973 752 1064 enimdeo<
773 970 879 1061 οὔσης·
914 972 949 1036 οὐ
973 973 1079 1038 δεῖδὲ
1102 974 1193 1039 αὐτὸν
1209 974 1272 1062 ἰδίᾳ
1289 973 1405 1061 προφέ-

179 1085 314 1176 ρεσθαι,
343 1087 421 1151 ἀλλὰ
449 1087 611 1174 συνάπτειν
637 1088 701 1156 τοῖς
726 1084 809 1168 ἅνω,
837 1085 870 1148 ἐν
899 1082 976 1173 ἤθει
999 1086 1059 1173 γὰρ
1086 1085 1225 1170 λέγεται,
1256 1087 1297 1154 ad
1324 1088 1408 1171 quod

149 1199 352 1272 ‚Aristonici
394 1198 533 1266 scholion
565 1197 827 1264 Friedlaenderus
865 1195 1030 1263 adscribit:
1072 1215 1198 1264 sensum
1230 1217 1300 1265 esse
1332 1197 1410 1264 dicit

182 1311 320 1394 Largius
344 1308 443 1396 (gott.
462 1309 521 1391 gel.
542 1327 609 1375 ana.
631 1313 729 1390 1851,
751 1328 782 1391 p.
803 1311 902 1385 940):
931 1306 1015 1374 hunc
1036 1326 1161 1375 versum
1188 1313 1256 1374 tum
1284 1309 1408 1374 demum

182 1427 267 1487 recte
289 1420 442 1503 interlegi,
467 1419 577 1485 sinon
599 1420 777 1502 separatim,
800 1419 855 1483 sed
878 1419 1041 1485 coniuncte
1064 1437 1134 1484 cnm
1148 1419 1408 1500 praecedentibus

181 1530 405 1614 pronuntietur
427 1535 459 1595 et
481 1529 697 1612 interlegatnr.
731 1531 824 1612 qnod,
847 1530 874 1596 si
896 1533 982 1596 recte
998 1529 1223 1612 interpretatus
1243 1548 1322 1612 sum,
1345 1549 1407 1597 non

185 1645 232 1708 ita
252 1643 344 1724 longe
366 1643 462 1708 distat
483 1643 523 1708 ab
546 1661 593 1724 eo,
615 1641 700 1723 quod
722 1641 871 1725 proposui
893 1641 926 1707 in
947 1641 1037 1722 proll.
1058 1640 1099 1706 ad
1117 1640 1227 1706 Nican.
1245 1660 1316 1724 pag.
1332 1646 1408 1706 112:

188 1737 404 1818 Aristarchum
421 1771 531 1820 cavere
546 1752 691 1833 voluisse,
709 1771 748 1818 ne
766 1757 840 1818 ante
856 1751 939 1818 hunc
953 1769 1079 1817 versum
1094 1751 1195 1817 maius
1211 1750 1409 1817 intervallum

186 1883 206 1929 a
227 1864 501 1945 pronuntiantibus
523 1863 622 1930 fieret.
659 1868 745 1929 recte
766 1861 1037 1936 Friedlaenderus.
1075 1880 1177 1945 neque
1200 1862 1303 1927 minus
1324 1867 1409 1928 recte

185 1973 227 2037 ad
249 1973 332 2041 hunc
353 1973 455 2040 locum
476 1972 653 2056 philologus
677 1973 804 2056 quidam
827 1977 936 2038 nostra
957 1971 1051 2039 lande
1073 1972 1217 2054 superior
1240 1973 1408 2054 aliquando

183 2083 264 2149 hanc
286 2084 418 2164 protulit
440 2085 643 2151 sententiam:
667 2082 806 2150 Zenodot
824 2083 927 2148 wollte
946 2082 1006 2148 den
1024 2100 1096 2149 vers
1113 2081 1293 2164 vormersen,
1317 2103 1351 2149 er
1367 2085 1409 2172 ist

184 2193 377 2260 entbehrlich
405 2193 458 2260 fdr
479 2213 556 2275 uns,
582 2195 659 2260 aber
679 2194 767 2259 nicht
788 2193 864 2258 alles
886 2192 938 2258 fiir
960 2211 1019 2258 uns
1041 2192 1254 2260 entbehrliche
1275 2183 1318 2259 ist
1341 2213 1408 2261 rer-

184 2303 341 2386 nerthen,
373 2323 407 2370 er
437 2305 556 2370 stimmt
583 2306 642 2369 mit
669 2304 741 2369 dem
763 2303 929 2370 charalrter
952 2303 1007 2369 des
1028 2303 1143 2388 liedes,
1170 2305 1228 2370 wie
1244 2305 1408 2371 Aristarch

183 2416 299 2498 richtig
321 2419 408 2499 sagt:
432 2414 464 2478 ἐν
481 2412 551 2504 ἤθει
566 2415 627 2499 γὰρ
650 2413 780 2497 λέγεται.
815 2420 881 2480 tum
899 2413 1099 2480 Aristarchus
1120 2415 1329 2496 simplicitatis
1344 2415 1408 2482 Ho-

184 2527 318 2594 mericae
337 2544 399 2592 non
416 2526 519 2591 minus
534 2541 628 2605 quarn
640 2525 818 2591 Zenodotus
836 2525 1012 2591 incuriosus
1029 2525 1144 2591 abiecit
1162 2543 1270 2592 versus
1290 2531 1350 2591 133
1362 2544 1407 2608 sq.

187 2637 229 2719 (A
243 2641 303 2702 133
321 2641 381 2717 sq.)
403 2636 463 2702 hoc
484 2636 592 2702 addito
615 2635 655 2700 ad
677 2636 801 2702 obelum
823 2641 1025 2718 argumento:
1049 2636 1242 2712 dderorivaa,
1264 2636 1311 2699 ὅτι
1326 2635 1407 2700 εὐτε·

184 2747 249 2817 λεῒς
271 2743 314 2834 τῇ
336 2743 480 2809 συνθέσει
501 2747 549 2809 καὶ
571 2742 613 2832 τῇ
637 2745 758 2831 διανοίᾳ
780 2746 828 2809 καὶ
847 2747 891 2833 μὴ
907 2745 1098 2832 ἁρμόζοντες
1114 2743 1325 2832 Ἀγαμέμνονι.
1358 2749 1408 2815 cui

184 2863 269 2924 recte
291 2858 476 2923 adversatus
499 2861 548 2922 est
566 2857 613 2920 vir
635 2855 687 2921 ille
710 2861 818 2922 nostra
839 2857 933 2922 laude
955 2843 1097 2939 superior
1117 2858 1204 2923 hisce
1220 2857 1252 2923 in
1270 2859 1407 2924 medinm

183 2966 331 3050 prolatis:
355 2967 406 3032 die
428 2966 570 3032 athetese
592 2966 634 3032 ist
656 2966 885 3048 unberechtigt,
908 2967 951 3031 ist
974 2985 1050 3033 ausz
1066 2968 1166 3033 einum
1182 2953 1321 3034 lalschen
1335 2971 1407 3035 mis-

184 3075 277 3142 lallen
294 3075 578 3158 hervorgegangen‚
602 3076 684 3142 denn
704 3076 755 3143 die
772 3095 862 3142 verse
882 3078 1001 3142 ziemen
1021 3077 1091 3144 dem
1101 3078 1313 3161 Agamemnon
1333 3081 1408 3147 voll-

185 3189 318 3271 sttndig,
342 3187 412 3253 sind
433 3188 465 3252 in
489 3187 545 3252 der
558 3187 658 3281 *weise
681 3189 736 3254 des
759 3188 843 3255 alten
865 3189 1113 3272 vohsmaszigen
1136 3209 1220 3273 epos
1244 3191 1407 3257 Aristarch

187 3317 249 3364 war
269 3298 401 3366 berilokt
424 3299 522 3392 durch
546 3300 606 3365 den
627 3301 814 3384 geschmaclr
836 3302 938 3368 seiner
960 3302 1167 3368 verleinerten
1190 3303 1260 3384 zeit,
1283 3303 1406 3371 cndlich

185 3410 256 3475 sind
278 3410 327 3476 die
349 3429 438 3477 verse
464 3411 545 3478 auch
567 3411 654 3478 nicht
675 3413 814 3479 schlecht
835 3413 1021 3497 constrnirt3
1051 3411 1169 3483 ἐθέλεις
1191 3413 1234 3479 ist
1255 3416 1408 3483 aunachst

186 3522 244 3586 mit
266 3519 352 3610 ὅημα
374 3523 566 3603 verbunden,
590 3524 673 3589 dann
695 3524 771 3606 geht
793 3525 843 3590 die
866 3524 1079 3590 construction
1100 3525 1131 3589 in
1154 3524 1215 3589 den
1236 3543 1300 3591 acc.
1313 3545 1338 3593 c.
1352 3527 1405 3593 inf.

186 3633 274 3698 iiber.
307 3650 401 3715 porro
417 3634 619 3700 Aristarchus
643 3635 784 3718 spurium
806 3635 955 3702 iudicavit
976 3653 1020 3700 vs.
1044 3639 1103 3700 139
1128 3635 1169 3716 (A
1183 3639 1255 3718 139)
1278 3637 1407 3719 eiusque

187 3761 264 3809 suae
280 3744 453 3809 sententiae
469 3744 546 3810 haec
561 3743 667 3810 intulit
682 3750 881 3826 argumenta:
906 3743 1072 3820 ἀθετεῒται,
1088 3745 1134 3808 ὅτι
1150 3746 1269 3834 πλήμης
1285 3748 1301 3809 ὁ
1316 3747 1409 3829 λόγος

188 3845 324 3941 ἀλλαγῆς
350 3853 516 3941 γενονένης
542 3858 594 3919 τοῦ
622 3856 782 3944 ῥήματος·
816 3855 963 3939 ἕλωμαι
991 3835 1056 3918 ἀντὶ
1087 3857 1140 3918 τοῦ
1169 3855 1331 3946 ἑλοίμην
1360 3860 1409 3923 καὶ

188 3961 305 4051 εὔηθες
332 3966 366 4028 τὸ
395 3965 630 4052 πμοςκείμενον·
663 3967 680 4030 b
707 3965 749 4030 δὲ
772 3989 833 4030 κεν
857 3967 1140 4054 κεχολώσεται·
1175 3971 1243 4038 πῶς
1271 3968 1331 4054 γὰρ
1355 3969 1410 4034 οὐκ

188 4071 298 4158 ἔμελλε
314 4073 503 4164 χολοῦοιλαι,
526 4078 643 4160 quain
665 4077 866 4144 adnotatione
895 4095 977 4160 quae
995 4077 1192 4144 Aristonicus
1220 4067 1332 4162 habet,
1363 4081 1409 4148 eis

188 4184 301 4250 similia
323 4185 400 4251 dicit
421 4187 463 4252 ad
486 4187 513 4252 A
534 4192 593 4252 137
616 4188 702 4254 hisce
723 4189 843 4255 verbis:
866 4188 913 4251 ὅτι
935 4189 969 4251 τὸ
989 4189 1079 4276 ῥῆμα
1097 4188 1240 4277 ἤλλακται
1260 4189 1410 4276 ἕλωμαι

189 4295 255 4358 ἀντὶ
283 4297 336 4358 τοῦ
365 4296 542 4384 ἑλοίμην·
576 4295 678 4368 οὕτως
705 4297 741 4362 δὲ
769 4296 882 4380 γίνεται
912 4299 1060 4384 περισσὸς
1087 4299 1104 4360 ὁ
1128 4298 1206 4372 ἄξω
1230 4301 1336 4368 ἑλών.
1376 4308 1411 4367 at

188 4406 242 4472 illa
264 4412 451 4490 argumenta
472 4427 534 4475 non
557 4414 631 4475 sunt
653 4408 775 4490 idonea,
799 4428 934 4492 quornm
957 4427 1070 4478 caussa
1092 4410 1124 4474 in
1143 4410 1318 4478 Aristarchi
1341 4431 1411 4478 sen·

189 4518 321 4584 tentiam
354 4518 570 4585 subcedamns.
612 4520 690 4585 nihil
716 4521 767 4586 hic
798 4525 846 4586 est
877 4539 1122 4603 superuacuum,
1151 4520 1229 4586 nihil
1258 4521 1409 4605 ineptum.
1439 4517 1441 4521 ’

190 4629 309 4696 scholio
337 4635 443 4696 autem
471 4629 517 4695 illi
547 4649 586 4696 ex
603 4631 770 4697 Aristonici
801 4633 871 4717 περὶ
899 4629 1036 4718 σημείων
1065 4629 1143 4697 libro
1166 4631 1198 4697 in
1215 4633 1242 4698 A
1259 4633 1412 4699 translato

1192 4735 1208 4789 2
