3460 5370
813 401 1024 464 ..38-

310 587 433 650 constat
454 583 552 664 igitur
572 581 847 648 Friedlaendcrum
874 581 955 647 male
977 581 1150 664 iudicasse3
1179 582 1218 646 de
1240 580 1403 650 deficiente
1425 587 1531 648 autem

311 693 581 774 argumentatione
603 691 680 757 nihil
702 692 853 758 habemus
875 693 960 774 quod
977 692 1127 756 dicamus.
1160 691 1209 756 his
1226 692 1356 758 abiectis
1372 691 1534 758 videamus

309 802 433 880 daniam,
457 802 510 882 qui
532 801 584 867 ille
606 806 737 866 conetur
758 800 889 881 efficere,
912 809 948 866 ut
970 801 1108 867 narratio
1124 801 1244 882 primae
1259 800 1534 866 Lachmannianae

311 911 555 978 continuationis
590 911 765 976 necessaria
797 912 839 975 sit
870 913 952 976 inter
985 910 1181 976 narrationes
1215 909 1253 976 de
1287 910 1429 977 Thetidis
1463 929 1535 976 cum

312 1019 431 1086 Achille
453 1020 617 1099 conloquio
640 1026 672 1085 st
693 1020 732 1084 de
754 1021 893 1086 Thetidis
916 1021 1000 1102 apud
1022 1021 1128 1085 Iovem
1150 1021 1305 1100 precibus.
1341 1039 1409 1084 rem
1430 1021 1477 1084 ita
1499 1039 1534 1085 se

312 1130 429 1195 habere
462 1147 564 1211 neque
596 1147 734 1209 unquam
767 1148 859 1210 posse
886 1149 955 1194 eam
985 1131 1023 1195 de
1054 1129 1235 1211 chryseidis
1268 1131 1536 1210 transportatione

312 1240 524 1304 narrationem
552 1239 585 1302 in
612 1240 672 1305 alio
699 1240 767 1304 loco
795 1241 929 1321 positam
959 1237 1056 1304 fuisse
1086 1239 1164 1303 iude'
1186 1240 1334 1318 opinatur
1362 1238 1482 1304 clarum
1505 1245 1537 1306 et

202 1335 205 1347 ’
313 1349 513 1431 perspicuum
535 1367 619 1429 esse,
642 1350 725 1430 quod
749 1349 856 1414 Thetis
878 1349 918 1414 ab
937 1348 1057 1413 Achille
1079 1356 1116 1415 ut
1137 1349 1240 1430 ipsum
1264 1349 1429 1415 adiuvaret
1449 1348 1537 1431 fiagi-

313 1463 382 1522 tata
410 1477 482 1524 eum
510 1459 655 1524 reiecerit
683 1458 724 1522 ad
737 1449 740 1454 ’
753 1459 968 1524 duodecimam
990 1459 1107 1537 lucem,
1140 1477 1211 1523 cum
1234 1459 1356 1539 Iupiter
1378 1479 1450 1525 cum
1472 1461 1538 1524 deis

315 1567 399 1648 apud
416 1567 585 1650 Aethiopas
614 1573 801 1634 versaretur.
839 1569 923 1651 quod
951 1571 1011 1635 iter
1037 1568 1299 1634 Friedlaenderus
1327 1569 1447 1634 iudicat
1476 1587 1538 1634 non

313 1695 406 1760 posse
428 1697 448 1741 a
468 1683 563 1758 poeta
584 1677 723 1743 lictum
746 1695 815 1742 esse
837 1679 898 1743 nisi
920 1697 957 1743 eo
980 1678 1120 1758 consilio,
1142 1683 1179 1742 ut
1200 1682 1273 1742 ante
1289 1677 1372 1742 Iovis
1389 1678 1538 1743 auxilium

315 1786 461 1870 Chryseis
484 1787 700 1855 abduceretur.
741 1787 912 1869 seuquid,
942 1790 1089 1869 obsecro,
1112 1786 1351 1854 necessitudinis
1373 1787 1541 1855 intercedit

315 1898 398 1962 inter
420 1898 528 1964 ambas
550 1898 768 1964 narrationes?
796 1917 868 1963 nam
890 1917 956 1976 our,
980 1899 1008 1962 si
1029 1900 1090 1964 iter
1112 1898 1154 1963 ad
1171 1898 1343 1980 Aethiopas
1366 1899 1434 1963 sola
1448 1918 1486 1964 ea
1501 1900 1541 1965 de

316 2025 429 2072 caussa
449 2008 549 2088 adest,
573 2014 609 2073 ut
630 2013 704 2074 ante
719 2009 860 2074 Thetidis
883 2010 924 2074 ad
939 2011 1046 2075 Iovem
1067 2027 1176 2090 preces
1194 2010 1341 2091 Chryseis
1364 2009 1405 2074 ad
1419 2014 1542 2090 patrem

316 2117 506 2197 abducatur,
534 2137 596 2183 non
623 2118 668 2182 ita
694 2136 761 2183 rem
783 2124 878 2198 poeta
897 2120 1048 2199 instituit,
1076 2125 1128 2198 ut,
1158 2138 1229 2185 cum
1251 2118 1456 2201 Chryseidam
1478 2121 1542 2184 iam

316 2229 384 2310 ipso
422 2229 577 2312 conloquii
610 2231 660 2295 die
689 2231 815 2295 domum
845 2231 1053 2311 transportari
1083 2236 1115 2295 et
1145 2230 1269 2294 Ulixem
1299 2229 1435 2296 secundo
1467 2237 1543 2312 post

316 2339 394 2404 illud
432 2340 630 2420 conloquium
667 2340 718 2404 die
758 2339 861 2405 redire
893 2339 1034 2420 fecisset,
1073 2341 1179 2405 Iovem
1210 2359 1280 2406 cum
1310 2338 1440 2421 reliquis
1474 2340 1543 2404 deis

317 2451 410 2515 tertio
441 2455 514 2529 post
541 2451 574 2514 id
600 2453 717 2516 reverti
743 2450 860 2516 faceret
885 2469 986 2532 neque
1014 2450 1148 2531 amplius
1172 2450 1325 2515 Achillem
1356 2455 1544 2529 moraretur,

319 2579 389 2625 cum
418 2561 480 2624 iam
508 2561 633 2625 sublata
655 2562 738 2625 lovis
769 2560 930 2626 absentiae
953 2565 1038 2626 esset
1060 2579 1182 2625 caussa.
1221 2579 1261 2624 an
1283 2579 1357 2624 vero
1379 2578 1545 2624 numerum

318 2670 407 2734 illum
436 2688 506 2734 curu
528 2669 639 2736 Faesio
667 2669 852 2735 habebimus
880 2688 936 2749 pro
967 2687 1112 2748 numero,
1143 2689 1236 2751 quem
1268 2670 1376 2735 dicunt
1398 2670 1467 2735 eine
1488 2688 1544 2734 un-

318 2779 497 2847 bestimmte
520 2779 605 2860 zahl,
633 2779 719 2859 quali
741 2779 832 2844 modo
855 2780 988 2845 Romani
1016 2782 1188 2846 sexcenties
1210 2781 1290 2846 illud
1312 2780 1543 2846 adhibuerunt?

318 2890 449 2954 Faesius
475 2890 506 2954 in
534 2908 571 2954 eo
598 2909 661 2956 non
688 2890 791 2956 minus
820 2896 905 2956 errat
933 2910 1027 2973 quam
1056 2892 1083 2956 si
1112 2891 1189 2956 dicit
1210 2891 1249 2956 de
1271 2890 1544 2973 anacephalaeosi:

320 2998 461 3065 dennoch
481 3000 602 3065 erzdhlt
611 3000 769 3066 Achilleus
788 3005 934 3066 ecc-92
952 3001 1028 3065 alles
1046 2999 1267 3080 ausziiihrlich,
1292 3000 1496 3081 groszenteils
1513 3001 1547 3065 in

320 3110 416 3175 sehon
436 3109 658 3192 dagewesenen
676 3130 796 3192 verser,
815 3131 868 3175 um
887 3113 953 3177 sein
973 3115 1080 3192 gemllt
1091 3130 1131 3174 zu
1142 3110 1328 3176 erleichtern
1340 3110 1404 3176 und
1416 3111 1547 3176 dieteil-

320 3221 433 3286 nohme
454 3220 509 3286 der
524 3221 615 3302 leser,
634 3221 692 3286 uie
712 3222 793 3286 eiust
811 3223 868 3286 der
887 3222 1020 3287 zuhdrcr
1039 3221 1117 3302 iolgt
1136 3221 1192 3286 der
1206 3221 1548 3302 bilndigeneradhlung

319 3349 429 3412 genn,
446 3330 570 3397 zumahl
586 3331 627 3396 da
637 3350 699 3396 von
714 3332 842 3397 dieser
858 3332 918 3397 alle
933 3331 1036 3412 fulgen
1051 3333 1106 3396 des
1118 3348 1228 3396 zornes
1239 3333 1426 3413 auszgehen.
1450 3350 1547 3397 unum

320 3460 394 3506 vero
417 3446 501 3507 certe
525 3441 639 3507 scimus
661 3460 724 3507 non
741 3441 833 3506 modo
855 3461 929 3507 non
950 3441 1130 3508 libenter
1147 3447 1289 3508 secutum
1307 3459 1376 3508 esse
1394 3442 1547 3507 narratio·

320 3571 392 3617 nem
420 3550 475 3617 sed
505 3569 667 3634 gravem
697 3551 973 3617 obiensionem
994 3553 1159 3618 invenisse.
1202 3553 1294 3636 primi
1316 3553 1398 3618 enim
1420 3552 1549 3618 libriin

321 3663 472 3745 conplexu
495 3681 563 3728 eam
580 3662 781 3730 Aristarchus
802 3683 865 3730 nou
893 3669 999 3747 aptam
1021 3683 1090 3731 esse
1111 3671 1197 3730 recte
1219 3665 1387 3730 interlexit.
1411 3664 1546 3729 nullom
1650 3705 1656 3728 .
1717 3747 1718 3760 ¹

320 3772 431 3854 igitur,
462 3776 498 3836 ut
527 3773 568 3837 ad
595 3791 661 3838 rem
682 3773 864 3856 redeamus,
892 3777 1023 3856 praebet
1043 3775 1101 3842 illa
1124 3777 1253 3842 deorum
1276 3775 1360 3855 apud
1376 3774 1549 3855 Aethiopas

321 3901 378 3963 per
401 3882 565 3950 duodecim
594 3883 662 3949 dies
689 3884 831 3951 absentia
854 3903 1011 3965 caussam,
1040 3904 1095 3950 cur
1117 3886 1157 3951 ab
1180 3887 1270 3951 initio
1294 3903 1429 3950 conexae
1451 3882 1549 3948 fuisse

289 4059 291 4064 .
323 3994 404 4058 duae
434 3991 507 4058 illae
538 3993 785 4059 continuationes
813 3996 987 4060 censendae
1017 3995 1089 4060 sint.
1130 3994 1312 4078 principalis
1339 4013 1414 4060 vero
1442 3993 1548 4058 Fried-

322 4101 462 4170 laenderi
491 4103 524 4168 in
552 4102 612 4168 hac
639 4121 674 4167 re
702 4120 790 4167 error
817 4104 849 4167 in
872 4123 909 4168 eo
932 4109 1090 4183 versetur,
1121 4104 1204 4185 quod
1232 4104 1293 4167 iter
1314 4102 1392 4168 illud
1415 4121 1434 4168 a
1456 4108 1551 4183 po'e'ta

323 4211 470 4278 fictum
493 4213 577 4279 dicit.
617 4212 701 4278 unde
723 4213 804 4277 enim
826 4215 885 4279 scit
906 4230 967 4277 non
990 4212 1086 4278 fuisse
1113 4213 1190 4278 illud
1212 4214 1244 4276 in
1262 4212 1376 4277 fabulis
1399 4212 1551 4277 traditum

326 4323 383 4389 sed
404 4327 520 4405 poetae
535 4340 604 4389 esse
618 4322 649 4389 11
659 4325 875 4406 gmeutum?
896 4328 1004 4389 nostra
1019 4323 1143 4405 quidem
1160 4324 1314 4388 sententia
1329 4339 1429 4403 eaque
1444 4321 1550 4403 epicae

326 4434 462 4500 omnium
499 4434 687 4517 populorum
715 4435 848 4498 maxime
877 4431 1104 4500 Germanorum
1130 4440 1261 4513 po'e'seos
1290 4431 1432 4514 analogia
1462 4431 1552 4502 nobis

326 4546 460 4628 probata
477 4545 606 4611 deorum
621 4544 662 4611 ad
679 4543 849 4627 Aethiopas
866 4544 926 4610 iter
941 4563 1002 4610 non
1018 4546 1066 4609 est
1080 4543 1314 4628 figmentum
1330 4545 1412 4608 sicut
1426 4561 1487 4608 non
1503 4547 1552 4607 est
