3460 5370
799 453 1010 514 ..10-

295 639 445 716 tanquam
467 639 569 719 aptus.
607 635 719 702 deinde
739 656 796 719 pro
813 655 906 703 versu
928 637 1116 718 interpolato
1139 636 1328 703 emovendos
1344 638 1515 718 estA265,

295 747 350 830 qui
376 745 503 812 additus
529 747 570 812 ab
601 746 726 814 homine
754 741 1028 830 postale'xandrino
1050 748 1100 812 vel
1116 749 1295 830 interprete
1316 748 1367 814 vel
1388 748 1516 829 editore,

295 857 429 926 fortasse
451 858 576 924 Atticae
604 857 732 940 originis
759 859 900 940 homine,
929 859 984 942 qni
1010 877 1166 924 summurn
1184 859 1359 924 Atticorum
1386 859 1516 926 heroum

294 969 441 1037 hocloco
463 969 586 1037 silentio
607 969 863 1053 praetermissum
884 988 978 1052 aegre
999 969 1129 1049 ferebat,
1154 971 1279 1036 abesto
1296 970 1416 1036 Veneto
1433 970 1516 1037 aliis-

295 1099 356 1162 que
376 1080 481 1160 libris,
509 1081 621 1147 eicitur
646 1082 687 1147 ab
712 1081 851 1161 Hauptio
874 1086 907 1146 ct
925 1079 1095 1162 Koechlyo,
1119 1081 1150 1144 in
1172 1081 1345 1161 marginem
1367 1081 1516 1146 transcri-

292 1191 377 1256 bitur
398 1190 586 1271 aBekhero,
608 1190 738 1256 uncinis.
754 1191 926 1257 includitur
948 1189 1108 1271 aWolfio,
1130 1191 1319 1271 Hermanno,
1343 1191 1515 1273 Spitznero,

294 1301 423 1381 Bothio,
446 1299 625 1383 Dindorfio,
647 1301 775 1381 Faesio,
796 1319 855 1383 pro
877 1300 1065 1384 interpolato
1088 1302 1229 1368 adfertur
1253 1302 1401 1369 aWolfio
1425 1304 1515 1385 (prol.

293 1429 324 1492 p.
337 1413 401 1494 27),
424 1411 464 1478 ab
480 1411 626 1478 Ernestio
648 1413 708 1478 hac
730 1410 877 1478 adficitur
899 1416 989 1477 nota:
1014 1412 1123 1478 »abest
1144 1418 1231 1479 totus
1253 1431 1362 1479 versus
1384 1433 1404 1478 a
1425 1431 1516 1494 ms«,

294 1541 356 1588 non
382 1522 585 1605 adgnoscitur
612 1541 714 1604 neque
740 1523 780 1589 ab
803 1523 971 1591 Eustathio
998 1541 1100 1604 neque
1127 1525 1160 1588 in
1188 1524 1314 1590 scholiis
1336 1528 1369 1590 et
1390 1529 1456 1605 est,
1484 1525 1517 1590 id

276 1632 379 1715 ,quod
405 1634 531 1716 saepius
559 1635 678 1700 adcidit
702 1639 839 1702 testante
865 1636 1014 1716 Lehrsio,
1050 1636 1120 1717 nni,
1148 1640 1185 1700 ut
1212 1635 1405 1702 demonstret
1432 1636 1516 1716 quod

295 1743 386 1810 dicit:
412 1750 486 1810 sunt
507 1745 602 1811 etiam
623 1763 704 1826 quae
725 1766 764 1812 ex
784 1747 852 1828 ipso
874 1746 1012 1812 Hesiodo
1034 1746 1066 1810 in
1088 1746 1261 1811 Homerum
1282 1750 1444 1827 venerunt,
1467 1765 1517 1813 re

294 1854 387 1938 spicit
413 1856 553 1922 scholion
571 1856 806 1923 Aristarcheum
834 1857 875 1922 ad
891 1855 920 1918 n
936 1861 993 1937 45,
1022 1857 1172 1939 adreptus
1199 1877 1237 1922 ex
1259 1862 1348 1923 scuto
1370 1858 1516 1923 Herculis

293 1965 385 2048 volgo
399 1966 538 2033 Hesiodo
553 1967 691 2034 Ascraeo
711 1968 869 2050 adscripto
892 1972 995 2048 neque
1016 1972 1122 2034 tamen
1144 1969 1185 2034 ab
1202 1987 1332 2049 operum
1347 1973 1379 2033 et
1394 1968 1516 2034 dierum

294 2082 423 2144 auctore
444 2077 593 2159 prolecto,
614 2079 647 2146 in
669 2096 730 2160 quo
753 2079 804 2145 hic
825 2097 935 2145 versus
950 2078 1098 2143 simillimi
1113 2078 1244 2145 heroum
1259 2079 1402 2160 catalogi,
1426 2079 1515 2144 cuius

293 2189 326 2253 in
347 2189 506 2270 prioribus
527 2191 669 2257 versibus
698 2190 834 2256 omnium
863 2207 941 2270 quos
960 2190 1011 2256 hic
1033 2195 1223 2257 memoratos
1244 2190 1377 2272 legimus
1399 2191 1515 2256 mentio

293 2299 344 2382 fit,
372 2306 530 2368 extremus
558 2306 616 2368 est.
657 2301 792 2385 deniqne
820 2302 910 2368 obelo
938 2301 1050 2384 dignus
1079 2306 1129 2367 est
1144 2303 1173 2367 A
1191 2305 1269 2382 296,
1299 2301 1353 2381 qui
1382 2301 1446 2366 iam
1474 2302 1515 2367 ab

293 2411 487 2493 Aristarcho,
509 2413 599 2478 cuins
621 2411 661 2479 de
681 2413 741 2478 hoc
762 2431 855 2480 versu
877 2418 995 2479 rectam
1010 2412 1198 2479 sententiam
1212 2413 1258 2477 ita
1272 2411 1348 2477 adA
1365 2417 1427 2478 295
1446 2413 1515 2477 Ari-

293 2522 433 2590 stonicus
448 2523 646 2606 conprendit:
664 2524 764 2587 κοινὸν
776 2525 810 2588 τὸ
822 2522 1024 2588 ἐπιτέλλεο
1037 2525 1085 2587 καὶ
1097 2523 1146 2588 ἐπὶ
1161 2525 1258 2611 ὠμὴ
1279 2525 1350 2610 γὰρ
1366 2522 1514 2608 ἔμοιγε·

294 2634 442 2719 περισσὸς
464 2631 518 2696 οὖν
537 2634 673 2722 deddc,
696 2634 744 2697 διὸ
761 2631 927 2715 abacelam,
950 2634 1079 2712 eiectus
1102 2633 1280 2700 aBehhero
1294 2634 1328 2699 in
1343 2634 1516 2716 marginem

293 2744 475 2826 ablegatus,
503 2763 523 2810 a
551 2744 710 2828 Koechlyo
738 2763 868 2826 prorsus
896 2746 1108 2828 proscriptus,
1136 2743 1302 2827 aWolfio,
1324 2746 1515 2826 Hermanno,

292 2856 418 2936 Faesio,
447 2854 608 2922 Dindorfio
638 2856 783 2923 cancele
809 2856 1077 2938 circumscriptus,
1110 2857 1150 2922 ab
1172 2856 1311 2938 Hauptio
1338 2875 1396 2939 pro
1418 2857 1515 2922 inter-

292 2965 442 3050 polatoris
468 2966 599 3034 alicuius
626 2968 839 3035 additamento
861 2968 988 3034 habitus
1010 2973 1096 3034 recte
1118 2971 1182 3046 est,
1213 2967 1297 3046 quod
1320 2973 1368 3032 est
1389 2967 1516 3048 ineptus

293 3083 386 3144 etex
408 3078 592 3145 centonibus
614 3080 789 3147 Homericis
810 3080 1043 3163 conglutinatus
1065 3095 1167 3159 neque
1188 3079 1327 3145 continet
1348 3077 1409 3142 nisi
1431 3078 1515 3160 quod

292 3208 349 3272 per
370 3205 406 3254 se
427 3207 466 3254 ex
486 3193 555 3254 tota
573 3190 702 3256 Achillis
725 3191 866 3257 oratione
887 3191 1095 3272 interlegitur.
1128 3191 1177 3256 his
1198 3209 1273 3256 vero
1294 3189 1439 3256 versibus
1461 3189 1515 3254 ab·

292 3303 382 3371 ieetis
404 3303 499 3370 rectis
521 3305 587 3367 stat
607 3301 680 3367 talis
702 3301 837 3384 primurn
860 3302 899 3367 de
920 3302 968 3366 ira
985 3289 1113 3368 Achillis
1136 3319 1271 3381 carmen,
1294 3302 1327 3366 in
1350 3319 1412 3383 quo
1434 3319 1516 3382 quae

292 3417 462 3480 namantur
490 3431 618 3478 eonon
646 3413 775 3500 indigna
802 3416 877 3476 sunt
904 3391 1041 3478 carmine
1070 3411 1156 3492 cpico
1178 3428 1281 3491 neque
1302 3416 1396 3493 po'e'ta
1418 3410 1516 3493 epico,

292 3541 425 3607 quoram
453 3529 502 3590 est
528 3541 658 3606 parvam
687 3523 823 3605 aliquam
852 3540 984 3604 eamque
1006 3522 1083 3586 satis
1105 3521 1319 3587 concinentem
1339 3521 1516 3588 fabularum

292 3639 414 3718 partem
436 3634 634 3701 tractandam
656 3652 780 3700 sumere
803 3637 836 3699 et
857 3633 1054 3700 auditoribus
1077 3631 1261 3713 relinquere,
1285 3638 1321 3700 ut
1343 3631 1516 3698 cunabulis

292 3745 369 3828 ipsis
398 3745 530 3829 cognitis
559 3745 759 3826 interlegant,
793 3763 875 3827 quae
904 3744 1044 3810 canenda
1073 3747 1198 3826 sumpta
1226 3748 1310 3808 sunt.
1350 3744 1411 3808 iam
1441 3760 1516 3808 vero

293 3860 445 3939 superest,
468 3861 654 3936 utmorem,
676 3873 769 3938 quem
791 3860 919 3922 secutus
935 3853 1187 3921 Muellenhoifius
1210 3854 1241 3918 in
1263 3851 1378 3931 libello,
1401 3854 1455 3933 qni
1470 3853 1516 3916 in-

292 3967 455 4034 scribitur:
484 3986 541 4031 znr
562 3966 742 4048 geschichte
765 3967 821 4032 der
843 3966 1018 4046 Nibelnnge
1040 3965 1105 4045 not,
1128 3965 1299 4048 primorum
1321 3964 1428 4029 decem
1451 3982 1511 4029 car-

292 4078 419 4158 minum,
442 4095 523 4160 quae
545 4095 583 4142 ex
597 4077 825 4158 Nihelungiade
845 4079 932 4142 reete
951 4075 1091 4140 restituit
1105 4074 1335 4155 Lachmannus,
1356 4075 1517 4156 propriam

242 4221 246 4232 ·
292 4190 428 4256 indolem
451 4188 569 4256 detexit
581 4192 677 4270 atque
691 4187 899 4268 proprietates
914 4186 1066 4252 sermonis
1082 4191 1115 4251 et
1128 4185 1276 4252 metricae
1292 4185 1515 4267 conpositionis

292 4301 425 4384 aperuit,
443 4300 543 4367 secuti
559 4317 640 4381 quae
660 4299 749 4366 nobis
765 4298 796 4364 in
814 4298 874 4365 hoc
889 4298 986 4364 deira
998 4297 1127 4364 Achillis
1143 4296 1279 4364 carmine
1292 4297 1392 4379 primo
1406 4300 1516 4362 notatu

293 4414 387 4496 digna
421 4413 630 4480 obcurrerunt
660 4410 852 4494 conligamus
885 4427 984 4492 eaque
1021 4409 1143 4474 ratione
1169 4407 1361 4473 Lachmanni
1390 4407 1430 4472 de
1458 4406 1518 4472 hoc

292 4524 401 4592 Iliadis
427 4527 519 4605 parte
548 4523 736 4590 sententiam
758 4520 968 4588 adfirmemus.
1005 4540 1042 4588 ac
1063 4521 1200 4602 primurn
1222 4518 1349 4601 quidem
1371 4517 1517 4584 carminis

293 4634 441 4704 introitus
462 4654 593 4719 prorsus
615 4640 709 4719 aptus
731 4634 861 4702 carmini
882 4639 932 4702 est
953 4652 1054 4717 neque
1069 4651 1140 4700 cum
1154 4631 1341 4713 quibusdam
1354 4627 1517 4696 habendus

933 4892 1104 4986 Ἧι
