3460 5370
740 421 954 484 ..15-

238 594 457 694 ύπερύπλίησι,
479 607 511 672 in
533 624 579 672 va.
600 610 662 670 224
685 605 811 689 (Anno)
830 604 1035 691 ποινοβορές,
1056 603 1089 671 in
1110 607 1232 672 vs230
1255 600 1385 692 (Auel)
1406 606 1459 696 δη

235 719 397 804 μοβύρος,
419 720 451 783 in
473 737 519 784 va.
539 722 601 784 234
624 718 665 798 (Α
677 723 753 796 235)
776 719 867 806 τομῇ,
891 718 922 782 in
944 736 989 784 vs.
1010 722 1073 783 260
1094 717 1137 804 (A
1149 721 1224 801 261)
1247 715 1406 804 ἀθέριζον,
1428 720 1461 784 in

237 849 283 894 vs.
296 834 358 895 290
382 831 423 910 (A
435 831 510 911 292)
535 828 733 914 ὑποβλήδην,
762 829 847 910 qnod
869 829 1055 895 vocabulum
1077 835 1163 894 recte
1184 829 1217 894 in
1239 828 1462 896 dissertatione

238 941 278 1006 de
300 938 447 1026 ὑποβολῇ
468 945 501 1006 et
522 939 703 1028 ὑποβλήδην
725 940 951 1022 interpretatus
972 939 1172 1006 Hermannus
1194 943 1251 1005 est.
1296 939 1359 1004 iam
1386 957 1460 1005 uero

238 1057 393 1134 superest,
415 1056 452 1117 ut
473 1071 583 1118 versus
604 1058 679 1117 ante
696 1051 930 1118 Lachmannnm
952 1068 972 1116 a
993 1050 1110 1117 criticis
1132 1050 1270 1116 abiectos
1290 1049 1399 1132 paucis
1414 1069 1461 1116 re·

236 1181 429 1256 censeamus
463 1182 501 1229 ac
522 1163 657 1244 primum
679 1162 806 1244 quidem
826 1162 1004 1227 Zenodotus
1026 1161 1160 1243 eumque
1181 1160 1283 1226 secuti
1304 1159 1461 1227 Duentae

236 1292 291 1338 rus
313 1278 346 1338 et
367 1273 544 1355 Koechlyus
565 1292 676 1338 uersus
699 1278 782 1338 3-4
805 1274 848 1351 (A
860 1270 957 1358 3-4)
980 1271 1147 1338 eiecemnt
1181 1273 1220 1338 de
1242 1288 1305 1351 qna
1326 1272 1462 1337 athetesi

236 1384 466 1465 posteapancis
477 1401 615 1464 agemus.
644 1383 757 1448 deinde
769 1383 970 1450 Aristarchus
982 1383 1146 1449 abicitvss.
1157 1386 1258 1447 aar-31
1275 1381 1316 1469 (A
1326 1386 1459 1460 29-31).

238 1494 326 1560 cuius
356 1493 534 1559 atheteseos
552 1493 773 1560 Aristarcheae
802 1494 897 1560 haece
915 1494 1110 1559 Aristonicus
1137 1497 1322 1576 argumenta
1348 1493 1460 1559 refert:

236 1592 431 1685 dissociaret,
453 1605 499 1666 ὅτι
520 1603 686 1666 ἀναλύουσι
709 1605 763 1692 την
783 1603 918 1668 ἐπίτασιν
941 1607 995 1667 τοῦ
1018 1606 1072 1667 νοῦ
1095 1605 1143 1667 καὶ
1165 1605 1220 1692 τὴν
1242 1603 1387 1692 ἀπειλήν·
1408 1603 1461 1692 ησ-

237 1713 341 1798 ρένισε
363 1714 423 1799 γὰρ
446 1715 494 1777 καὶ
515 1715 532 1775 ὁ
555 1713 683 1802 λζούσης
708 1714 926 1802 ὑπηρετούσης
947 1715 1011 1791 (ita
1040 1715 1122 1779 enim
1147 1733 1218 1781 cum
1240 1714 1371 1780 Lehrsio
1393 1714 1462 1780 viro

113 1833 119 1840 '
239 1826 349 1891 eximio
372 1830 404 1891 et
425 1826 465 1890 da
487 1827 582 1893 rebus
603 1826 777 1893 Homericis
799 1827 915 1909 optime
936 1826 1048 1892 merito
1071 1825 1238 1909 legendum
1266 1832 1315 1892 est
1336 1845 1394 1908 pro
1416 1826 1462 1893 in·

173 1943 177 1946 ’
238 1941 309 2018 epto
331 1937 383 2002 illo
406 1935 562 2023 εἰπούσης,
584 1938 668 2019 quod
692 1941 742 2002 est
763 1938 796 2001 in
813 1937 948 2020 Veneto)
971 1937 1071 2025 αὐτῆς
1091 1934 1141 2022 τῷ
1152 1937 1287 2020 βασιλεῖ.
1324 1935 1461 2023 ἀπρεπὲς

237 2047 273 2110 δὲ
295 2049 343 2110 καὶ
364 2049 398 2112 πδ
421 2047 473 2109 πδν
489 2044 696 2130 Ἀγαμέμνονα
715 2051 840 2112 τοιαῦτα
858 2047 966 2129 λέγειν.
996 2065 1078 2128 quae
1095 2047 1245 2114 athetasis
1264 2066 1462 2131 nequaquam

224 2158 362 2240 probari
384 2162 498 2240 potest.
532 2176 634 2240 neque
656 2159 738 2223 enim
753 2159 895 2224 versibus
913 2159 974 2224 illis
990 2159 1082 2241 inest,
1104 2177 1166 2242 quo
1184 2159 1368 2225 destruatur
1380 2160 1462 2241 Aga-

235 2269 407 2333 memnonis
430 2268 531 2333 oratio
554 2273 610 2333 aut
631 2270 734 2334 minus
756 2269 838 2335 irata
858 2269 1019 2350 reddatur,
1042 2288 1143 2352 neque
1166 2269 1353 2352 continetur,
1375 2270 1460 2351 quod

238 2378 470 2459 Agamemnone
492 2397 612 2444 summo
625 2378 817 2445 Graecorum
840 2381 919 2446 duce
935 2381 977 2446 sit
995 2381 1166 2462 indignum,
1190 2385 1300 2446 contra
1319 2379 1463 2446 deficien-

237 2488 323 2554 tibus
346 2489 488 2554 versibus
515 2508 627 2555 manca
653 2495 702 2554 est
731 2495 763 2556 et
791 2508 891 2571 paene
913 2491 1021 2573 inepta
1041 2491 1151 2556 oratio.
1186 2490 1242 2556 sed
1264 2490 1461 2556 excusandus

236 2605 285 2665 est
295 2599 507 2665 Aristarchus.
542 2600 691 2667 iudicavit
713 2601 795 2667 enim
818 2620 857 2666 ex
877 2619 954 2668 suae
976 2601 1090 2668 aetatis
1106 2602 1341 2683 consuetudine,
1364 2620 1460 2682 more,

235 2712 401 2791 sententia,
424 2710 539 2792 indole,
561 2728 642 2791 quae
664 2728 758 2792 quam
780 2712 905 2778 diversa
925 2713 965 2779 ab
987 2712 1172 2779 Homericae
1195 2713 1309 2778 aetatis
1332 2729 1463 2779 consue

235 2821 360 2902 tudine,
389 2839 492 2902 more,
522 2823 694 2901 sententia,
721 2822 825 2888 indole
854 2822 964 2903 fuerit,
993 2842 1065 2888 cum
1086 2823 1218 2888 Lehrsio
1237 2823 1315 2888 satis
1337 2823 1462 2889 demon·

236 2936 354 2998 strasse
382 2933 471 2999 nobis
499 2932 642 2998 videmur
670 2935 702 2998 in
728 2934 804 3000 diss.
821 2935 927 3016 inaug.
944 2952 1016 3016 pag.
1032 2938 1089 3013 68,
1115 2950 1218 3013 neque
1237 2933 1378 3017 percepit
1399 2933 1463 2999 He

234 3045 382 3110 mericam
404 3043 490 3108 illam
512 3063 574 3109 non
598 3045 675 3109 satis
697 3044 887 3110 laudandam
910 3043 1149 3127 simplicitatem.
1183 3048 1270 3110 recte
1285 3063 1376 3110 nemo
1394 3044 1463 3109 Ari-

235 3155 396 3221 starchum
414 3160 540 3221 secutus
558 3160 616 3220 est.
643 3174 737 3237 porro
750 3156 929 3221 Zenodotus
948 3155 1038 3221 obelo
1050 3155 1160 3237 dignos
1174 3157 1296 3221 censuit
1307 3175 1352 3221 vs.
1360 3160 1400 3221 46
1412 3173 1460 3236 sq.

236 3267 277 3349 (A
288 3267 329 3330 46
346 3267 416 3349 su).
440 3266 530 3332 cuins
552 3267 730 3332 atheteseos
752 3270 937 3348 argumenta
953 3283 1015 3331 non
1030 3269 1147 3348 patent,
1170 3284 1242 3332 cum
1257 3266 1461 3332 Aristarchus

234 3377 508 3443 Zenodotomastix
531 3397 568 3444 ea
590 3396 652 3444 non
674 3377 876 3459 refutaverit,
899 3378 955 3444 sed
977 3378 1009 3442 in
1031 3397 1069 3445 eo
1091 3378 1319 3460 conquieverit,
1341 3382 1378 3444 ut
1401 3377 1462 3444 dis·

235 3486 353 3569 cipulos
376 3488 515 3554 doceret:
546 3489 565 3576 ἡ
590 3487 696 3577 διπλῆ,
724 3490 770 3553 ύτι
792 3488 973 3576 Ζηνόδοτος
998 3487 1200 3574 ἀμφοτέρους
1221 3487 1391 3577 ἢάέτηιιεν·
1425 3486 1460 3550 ού

235 3601 345 3670 καλῶς.
379 3600 504 3666 videtur
526 3605 648 3681 autom,
679 3606 714 3666 ut
735 3605 821 3668 recta
842 3600 1034 3684 philologum
1055 3600 1213 3681 quendam
1235 3604 1344 3665 nostra
1366 3598 1462 3665 laude

235 3712 427 3791 superiorem
449 3711 646 3776 meminimus
669 3710 836 3792 aliqnando
859 3711 990 3791 dixisse,
1014 3709 1191 3777 Zenodotus
1214 3710 1368 3776 athetesin
1391 3728 1462 3791 pro·

234 3824 398 3889 nuntiasse
417 3826 546 3905 propter
567 3840 612 3890 vs.
631 3828 682 3888 49,
717 3821 772 3889 sed
795 3827 844 3889 est
867 3823 1000 3889 duorum
1017 3823 1141 3888 illorum
1159 3839 1307 3888 versuum
1322 3820 1461 3887 condicio

235 3938 268 3999 et
295 3939 331 4001 ut
355 3935 401 4000 ita
423 3935 563 4001 dicamus
584 3934 696 4000 relatio
719 3935 852 4000 diuersa.
885 3951 988 4013 neque
1009 3951 1086 3999 vero
1109 3933 1226 3999 rectius
1248 3952 1342 4016 quam
1365 3934 1460 3999 Zeno

235 4045 328 4110 dotus
347 4064 409 4111 vss.
429 4050 555 4110 46-47
579 4045 742 4112 Bekkerus
761 4063 806 4110 vs.
824 4049 865 4109 47
883 4044 981 4110 deleri
999 4046 1096 4111 iubet.
1130 4045 1169 4110 de
1186 4064 1249 4128 qna
1264 4043 1462 4111 Bekkeriana

234 4157 369 4222 athetesi
402 4158 477 4239 quid
512 4157 712 4224 iudicandum
741 4162 838 4238 esset,
876 4174 974 4240 supra
1003 4155 1081 4222 satis
1110 4155 1323 4223 indicavimus.
1367 4173 1460 4238 porro

234 4267 411 4348 Koechlyus
440 4259 563 4335 emovet
589 4270 621 4333 in
645 4268 782 4334 editione
810 4285 868 4332 sua
898 4270 984 4332 certe
1014 4265 1110 4332 solius
1133 4267 1310 4348 strophicae
1331 4265 1461 4332 rationis

234 4395 346 4444 caussa
368 4397 414 4444 vs.
435 4383 492 4457 38,
515 4395 609 4458 quem
631 4398 650 4444 a
672 4379 773 4461 primo
795 4377 883 4443 initio
905 4379 937 4442 in
960 4375 1097 4444 carmine
1118 4375 1216 4443 fuisse
1242 4375 1314 4442 inde
1337 4375 1462 4443 eviden-

233 4489 355 4556 tissime
379 4491 492 4570 elucet,
515 4491 599 4570 quod
622 4490 741 4572 primus
764 4490 908 4556 carminis
923 4488 1016 4570 primi
1032 4488 1232 4555 continuator
1246 4487 1460 4570 ineptissimus

235 4579 336 4681 neque
356 4601 479 4683 dignus,
496 4601 585 4668 cuius
597 4606 758 4668 centonem
776 4620 833 4683 per
845 4604 893 4667 tot
904 4598 1099 4666 saeculaviri
1110 4597 1280 4666 doctissimi
1292 4596 1461 4665 nullasutr
1552 4677 1558 4692 ι
