3460 5370
701 398 1020 478 v-as-

304 596 428 660 prensa,
450 596 530 661 quae
551 585 638 647 recte
659 578 827 647 habebitur
848 599 907 664 pro
927 579 1141 647 additamento
1163 579 1240 660 eius,
1267 580 1322 664 qui
1343 579 1425 647 inter
1447 580 1526 647 duas

305 688 436 756 alterius
458 689 700 758 continuationis
723 695 841 775 partes,
863 710 997 775 quarum
1019 692 1121 759 altera
1135 690 1277 758 Thetidis
1292 710 1363 757 cum
1377 689 1441 758 filio
1457 711 1527 759 eou-

275 847 278 854 -
303 801 459 884 loquium,
489 801 590 868 altera
611 801 750 870 Thetidis
780 803 865 887 apud
893 803 999 873 lovem
1020 821 1130 888 preces
1152 807 1275 884 narrat,
1305 803 1436 886 primam
1459 821 1527 870 con-

305 911 512 978 tinuationem
533 911 698 994 interiecit,
721 932 762 981 ne
775 913 876 982 Ulixis
898 915 959 982 iter
978 915 1011 980 in
1029 915 1166 981 carmine
1177 913 1420 997 Agamemnonis
1439 913 1527 979 iussu

306 1021 490 1106 subcaptum
519 1022 623 1091 reditu
652 1029 782 1092 careret.
822 1042 916 1106 quam
944 1026 1099 1094 athetasin
1128 1025 1216 1092 iubet
1244 1025 1338 1091 etiam
1368 1024 1528 1106 Lebrsius‚

306 1133 359 1216 qui
385 1137 511 1215 praeter
538 1133 621 1200 hunc
648 1134 750 1203 locum
778 1139 812 1202 et
838 1134 973 1202 alterum
1003 1154 1065 1203 non
1087 1135 1189 1201 minus
1212 1135 1414 1219 subspectum
1436 1135 1468 1199 in
1491 1153 1529 1201 ea

306 1243 465 1326 Odysseae
491 1248 596 1326 parte,
624 1245 657 1310 in
686 1263 750 1327 qua
775 1247 927 1313 transitus
955 1243 992 1312 lit
1017 1264 1038 1311 a
1065 1245 1166 1329 prima
1195 1245 1410 1312 Telemachiae
1438 1250 1529 1328 parte

306 1355 346 1421 ad
374 1355 506 1422 alterum
535 1355 573 1422 de
600 1354 705 1422 reditu
732 1355 833 1424 Ulixis
860 1375 985 1424 carmen
1014 1355 1057 1442 (d
1079 1361 1156 1438 646,
1182 1375 1231 1439 ap.
1252 1373 1310 1421 nos
1339 1355 1410 1422 add.
1429 1359 1458 1437 2,
1477 1359 1529 1436 27,

307 1465 436 1532 Kirchh.
454 1465 513 1546 III,
531 1470 560 1547 3,
581 1466 688 1550 1926),
712 1486 749 1534 ex
771 1473 879 1536 nostro
901 1469 1009 1535 iliadis
1030 1468 1098 1536 loco
1120 1468 1342 1551 interpolatum
1359 1467 1481 1534 nullum
1495 1467 1529 1533 in

307 1575 391 1643 omni
412 1577 500 1659 possi
514 1576 682 1644 Homerica
704 1582 829 1645 exstare
851 1579 943 1646 evicit
963 1579 1076 1660 locum,
1097 1579 1130 1645 in
1153 1597 1216 1660 qua
1238 1578 1337 1645 forma
1360 1578 1466 1659 aliqua
1488 1578 1528 1644 ab

308 1687 452 1771 ἀπαυρᾶν
474 1687 570 1754 verbo
592 1691 662 1754 orta
683 1688 775 1755 aliter
797 1708 834 1756 ac
855 1689 888 1755 in
909 1708 1020 1756 versus
1042 1688 1104 1756 fine
1126 1689 1230 1772 posita
1251 1689 1301 1754 sit.
1340 1707 1409 1755 eam
1430 1688 1529 1773 igitur

307 1802 427 1864 vs.430
448 1803 571 1880 partem
592 1797 729 1880 priorem
749 1804 835 1867 recte
856 1800 1007 1868 abiecisse
1028 1800 1117 1867 nobis
1135 1799 1276 1866 videmur
1294 1817 1444 1866 unacum
1462 1803 1530 1866 tota

308 1928 389 1994 quae
411 1928 449 1976 ea
469 1913 560 1993 parto
581 1909 789 1978 introducitur
809 1911 912 1994 prima
933 1911 1174 1991 continuatione,
1197 1929 1300 1994 quam,
1330 1911 1414 1992 quod
1437 1909 1530 1976 valde

307 2013 473 2102 miramur,
500 2038 538 2086 ex
559 2021 690 2087 unitatis
712 2022 905 2104 pastoribus,
938 2023 993 2106 q'ui
1014 2023 1093 2088 tales
1115 2025 1241 2087 suturas
1270 2021 1404 2089 maximo
1426 2020 1530 2086 studio

309 2129 521 2198 defendendas
543 2136 576 2198 et
598 2132 728 2200 calidius
751 2131 817 2200 iere
838 2153 934 2218 qnam
955 2133 1073 2217 ingenii
1096 2152 1169 2200 vere
1191 2133 1306 2215 po'e'tici
1327 2133 1531 2216 praestantis-

309 2242 389 2310 sima
411 2246 444 2310 et
465 2230 570 2309 divina
591 2261 687 2326 opera
706 2243 856 2311 fovendas
874 2249 1012 2326 censent,
1034 2262 1116 2312 unus
1135 2243 1367 2310 Baeumleinius
1384 2243 1417 2309 in
1433 2243 1532 2308 Lach-

309 2353 546 2420 mannianarum
575 2354 859 2422 considerationum
886 2356 1066 2424 recensione
1088 2355 1252 2422 annalibus
1275 2354 1463 2421 Caesellanis
1486 2354 1531 2420 in-

310 2468 395 2546 serta
415 2465 554 2549 Hauptio
578 2466 655 2533 duce
677 2468 837 2535 damnavit
857 2485 960 2550 neque
976 2472 1090 2549 tamen,
1114 2471 1150 2533 ut
1167 2485 1237 2558 cum
1254 2466 1412 2548 Koechlyo
1428 2465 1533 2532 dicere

309 2594 486 2659 pergamus,
508 2576 746 2660 Naegelsbachii
766 2579 876 2663 pietati
897 2579 1064 2662 persuasit,
1087 2579 1141 2660 qui
1158 2596 1229 2645 cum
1245 2577 1278 2644 in
1294 2575 1532 2643 adnotationum

310 2685 351 2752 ad
378 2684 486 2752 Iliadis
508 2686 629 2752 1-111
657 2687 792 2754 editione
821 2689 935 2770 altera,
963 2693 1129 2774 postquam
1159 2707 1230 2772 pag.
1251 2692 1310 2754 106
1333 2705 1400 2770 sqq.
1422 2691 1532 2755 contra

310 2800 478 2880 utrumque
499 2797 624 2880 egregie
645 2802 810 2881 argutatus
832 2804 890 2880 est,
911 2800 991 2866 hanc
1013 2800 1045 2864 in
1064 2798 1126 2866 line
1140 2799 1235 2866 adicit
1249 2797 1532 2881 praedicationem:

310 2925 371 2974 nur
393 2907 449 2972 der
471 2906 628 2974 veriaszer
649 2908 704 2975 des
726 2913 832 2976 ersten
852 2911 941 2977 teiles
964 2929 1028 2976 war
1049 2910 1137 2993 itihig
1165 2909 1225 2975 den
1246 2909 1368 2976 bericht
1392 2909 1424 2974 in
1443 2908 1533 2992 Jener

311 3019 537 3087 bescbeidenen
559 3019 743 3104 mdszignng
764 3041 805 3088 zu
826 3021 940 3104 halten,
964 3021 1014 3088 die
1030 3021 1195 3087 Biiumlein
1217 3039 1325 3103 magor
1346 3023 1453 3100 nennt,
1474 3035 1531 3084 suo

310 3133 453 3201 acumine
474 3129 613 3213 fruatur,
642 3150 714 3199 cum
744 3133 782 3199 de
804 3133 948 3215 gustibus
969 3151 1032 3200 non
1055 3133 1097 3198 sit
1119 3132 1359 3216 disputandum,
1387 3131 1532 3196 criticum

310 3263 384 3311 vero
410 3243 463 3311 ille
485 3262 519 3310 se
540 3262 603 3312 non
624 3248 766 3327 praestat
786 3244 881 3327 idque
902 3243 966 3309 iam
988 3233 1065 3310 s‘atis
1090 3243 1251 3310 docuimus
1273 3242 1380 3309 adlata
1401 3241 1433 3306 in
1457 3240 1530 3306 diss.

310 3356 414 3437 inaug.
432 3373 503 3437 pag.
519 3359 560 3418 47
584 3353 684 3420 Curtii
714 3355 752 3419 de
781 3373 818 3421 eo
846 3355 1002 3421 sententia
1031 3355 1241 3436 docentesque
1269 3351 1313 3419 ibi
1339 3351 1393 3433 qui
1413 3351 1532 3418 factum

310 3467 361 3548 sit,
383 3471 420 3533 ut
441 3467 481 3534 ab
504 3467 588 3532 omni
610 3466 683 3533 crisi
705 3472 789 3534 esset
810 3467 1014 3533 abalienatus.
1051 3465 1106 3531 sed
1129 3469 1274 3548 superest
1294 3463 1410 3529 ianiam
1424 3479 1531 3541 unum,
1605 3534 1611 3545 ,

310 3579 343 3645 in
369 3595 430 3662 quo
453 3577 645 3661 Koechlyum
673 3595 796 3644 errasse
823 3577 1005 3644 iudicamus.
1042 3594 1166 3658 nanque
1195 3576 1321 3642 tertiam
1348 3573 1440 3657 primi
1461 3571 1533 3640 libri

309 3693 431 3773 partem
457 3688 636 3756 Hoffmanni
664 3689 851 3756 sententiam
880 3689 913 3754 in
940 3689 1090 3773 philologi
1121 3687 1336 3770 Gottingensis
1351 3684 1400 3750 ΙΙΙ
1422 3703 1451 3765 p.
1472 3688 1531 3748 197

309 3801 463 3884 prolatam
478 3804 605 3867 secutus
620 3819 682 3866 non
697 3801 961 3870 continuationem
979 3801 1054 3884 (quo
1069 3799 1193 3865 nomine
1209 3797 1430 3864 Lachmannus
1446 3799 1533 3860 recte

270 3947 273 3954 ·
310 3929 387 3979 usus
410 3909 493 3997 erat)
516 3929 586 3978 esse
607 3911 662 3978 sed
685 3912 819 3978 alterum
841 3931 967 3979 carmen
990 3912 1085 3995 idque
1106 3912 1197 3974 λιτῶν
1213 3910 1278 3974 sive
1294 3923 1422 3990 precum
1438 3905 1532 3971 titulo

309 4023 528 4090 instruendum
551 4022 634 4090 dicit.
678 4024 767 4090 cuius
790 4024 839 4089 aui
860 4022 990 4089 alterius
1013 4021 1159 4088 carminis
1182 4017 1306 4084 initium
1327 4017 1379 4082 ille
1401 4017 1533 4101 praebet
1567 4025 1572 4029 ’

310 4137 400 4202 hoec:
423 4133 522 4220 αὐτὰρ
545 4133 562 4197 ὃ
572 4133 739 4221 χωόμενος
752 4132 869 4220 κούρης
883 4131 984 4201 πόδας
998 4131 1079 4201 ὠκὺς
1094 4128 1250 4220 Ἀχιλλεύς,
1273 4129 1312 4194 ab
1328 4127 1417 4194 initio
1433 4145 1531 4194 unum

311 4247 483 4314 alterumve
512 4263 636 4312 versum
663 4245 696 4310 in
724 4242 937 4311 concinnanda
966 4260 1105 4325 conpage
1126 4245 1282 4306 resectum
1302 4257 1371 4305 esse
1393 4256 1533 4318 censens,

311 4358 367 4425 sed
397 4357 465 4424 eius
494 4362 616 4442 partem
646 4355 805 4424 dimidiam
827 4359 983 4422 retentam
1004 4353 1037 4419 in
1056 4371 1150 4420 versu
1168 4356 1230 4418 489
1253 4351 1293 4418 ab
1315 4351 1384 4434 ipso
1406 4369 1443 4416 eo
1465 4349 1533 4417 loco

311 4488 374 4552 qno
395 4488 478 4537 nunc
499 4474 548 4536 est
569 4469 601 4537 in
624 4468 811 4537 editionibus
833 4467 1013 4550 vulgaribus
1036 4465 1145 4548 eiecto,
1169 4463 1253 4548 quod
1274 4464 1306 4530 in
1323 4462 1423 4546 primo
1438 4460 1534 4526 hemi-

312 4581 424 4650 stichia
443 4581 601 4649 Achilleus
620 4582 745 4650 audiret
766 4580 927 4669 inopertis,
942 4577 1027 4663 quod
1048 4594 1218 4661 cognomen
1235 4573 1348 4641 Achilli
1369 4571 1454 4642 nullo
1472 4570 1533 4639 alio
