3460 5370
825 375 1037 442 ..pq-

320 581 391 630 nem
414 579 483 628 esse
506 578 607 643 neque
629 561 847 643 antiquissima
862 560 917 628 illa
931 564 1044 641 aetate,
1067 580 1129 645 qua
1144 579 1225 642 quae
1239 581 1297 644 pro
1315 562 1541 644 antiquissimis

319 677 405 740 recte
427 673 583 740 habentur
604 662 743 739 carmina
764 663 915 754 originem
929 670 1117 752 habuerunt,
1140 676 1241 739 ortam
1256 672 1329 740 inde
1345 672 1543 755 apertissime

320 784 431 866 elucet,
454 782 539 864 quod
560 783 668 849 insunt
689 783 721 848 in
744 801 782 848 ea
805 786 837 848 et
857 801 958 850 novae
980 781 1141 862 dictiones
1165 800 1246 864 quac
1261 783 1301 850 ab
1317 784 1457 867 Hauptio
1473 801 1543 850 con·

318 894 419 962 lectae
448 893 498 960 vel
526 891 599 960 solis
627 893 731 959 eisin
760 893 949 960 carminibus
979 892 1019 959 de
1047 893 1094 958 ira
1113 891 1244 958 Achillis
1271 893 1435 975 leguntur,
1462 911 1543 976 quae

319 1005 500 1090 posterioris
529 1007 604 1072 eunt
633 1003 777 1086 originis,
808 1003 857 1070 vel
885 1003 918 1069 in
947 1004 1136 1070 carminibus
1164 1003 1203 1070 de
1231 1003 1336 1070 reditu
1358 1005 1477 1086 Ulixis,
1511 1009 1544 1071 et

318 1133 417 1182 novae
439 1115 478 1181 de
499 1114 595 1181 rebus
617 1113 730 1180 divinis
752 1118 785 1180 et
806 1112 997 1181 recentiores
1012 1114 1195 1194 sententiae,
1219 1133 1290 1180 eum
1305 1113 1463 1181 Volcanus
1478 1134 1542 1180 mu-

318 1245 393 1293 nere
415 1224 564 1307 fungatur
588 1225 664 1305 eius,
687 1223 741 1309 qui
763 1225 868 1292 vinum
890 1226 1031 1308 praebet,
1054 1242 1188 1306 cumque
1211 1225 1238 1290 is
1261 1242 1295 1292 se
1317 1224 1485 1308 aliquando
1502 1227 1542 1292 ab

319 1340 394 1406 Iove
405 1324 455 1404 ¹dc
470 1336 601 1420 Olympo
621 1337 706 1404 dicat
720 1338 875 1405 deiectum
892 1355 969 1417 esse,
993 1335 1077 1416 quod
1092 1341 1223 1402 matrem
1239 1335 1405 1424 adversum
1420 1340 1542 1417 patrem

318 1449 456 1516 iuvisset.
486 1449 638 1538 minorem
661 1454 738 1516 natu
759 1450 841 1515 hanc
864 1448 1128 1516 continuationem
1146 1464 1215 1514 esse
1230 1447 1388 1530 Hauptius
1404 1446 1540 1515 solarum

318 1576 470 1626 novarum
493 1559 664 1626 dictionum
686 1563 719 1626 et
741 1559 826 1632 ἅπαξ
839 1558 1010 1647 εἰρημένων
1025 1558 1147 1625 ratione
1162 1558 1271 1654 habita
1286 1558 1539 1641 dilegeutissime,

318 1669 556 1736 adcuratissime
585 1687 687 1751 neque
714 1669 817 1736 minus
839 1673 925 1736 recte
947 1688 1042 1753 quam
1064 1669 1206 1736 omnibus
1228 1669 1273 1734 eis
1295 1669 1463 1750 inquibus
1486 1669 1539 1735 ali·

318 1779 394 1864 quid
421 1779 542 1848 addidit
567 1779 644 1846 locis
672 1779 913 1861 demonstravit,
941 1797 1043 1861 neque
1071 1779 1242 1863 quidquam
1264 1796 1361 1845 novas
1384 1779 1539 1846 derebus

319 1891 430 1958 divinis
452 1891 624 1956 sententias
645 1891 792 1975 respexit.
826 1890 989 1974 sicigitur
1011 1890 1065 1973 qui
1087 1889 1305 1956 Lachmannus
1327 1894 1360 1955 et
1380 1889 1540 1972 Hauptius

318 2002 358 2067 de
372 1999 479 2068 Iliadis
501 2000 581 2068 libro
604 2001 704 2084 primo
725 2001 948 2084 indicaverint,
973 2001 1081 2085 paucis
1103 2000 1327 2086 interleximus.
1361 2000 1540 2084 Koechlyus

317 2129 468 2179 novamm
490 2130 596 2180 rerum
618 2111 788 2192 studiosus,
812 2116 849 2178 ut
869 2113 1020 2179 Paulinae
1041 2111 1156 2178 aetatis
1169 2111 1391 2192 Athenienses,
1414 2111 1453 2177 de
1472 2110 1540 2191 qui-

316 2225 377 2291 bus
399 2226 450 2289 est
476 2226 537 2290 aci·
555 2219 658 2302 XVII,
679 2227 734 2288 21:
764 2220 920 2310 Ἀθηναῖοι
948 2220 985 2285 δὲ
1006 2223 1121 2292 πάντες
1142 2223 1190 2284 καὶ
1212 2220 1434 2329 ἐπιδημηῦντες
1456 2220 1538 2294 ξένοι
1660 2267 1664 2276 .

318 2333 363 2405 εἷς
390 2332 481 2397 οὐδὲν
511 2332 621 2420 ἕτερον
643 2331 809 2421 ηὐκαίρουν
831 2331 850 2422 ἢ
873 2331 971 2415 λέγειν
992 2355 1020 2396 τι
1041 2330 1061 2419 ἦ
1084 2331 1206 2395 ἀκούειν
1228 2356 1256 2396 τι
1277 2331 1473 2418 καινότερον,
1502 2351 1541 2398 ex

317 2445 422 2526 aliqua
442 2447 533 2526 parte
554 2444 684 2520 recessit
706 2442 940 2510 abachmanno
959 2447 996 2517 et
1012 2442 1163 2526 Hauptio.
1198 2460 1234 2509 ae
1256 2443 1391 2527 primum
1413 2442 1540 2526 quidem

317 2573 388 2622 cum
402 2556 592 2636 Duentzero,
614 2554 670 2638 qui
692 2555 731 2621 de
753 2555 862 2620 iliadis
884 2555 1036 2636 prooemio
1059 2553 1225 2635 aliquando
1249 2554 1314 2637 egit
1335 2555 1366 2619 in
1380 2552 1539 2620 Muetzelii

317 2665 484 2732 annalibus
511 2665 762 2748 sententiamque
791 2664 1015 2731 Grotianorum
1044 2664 1083 2730 ab
1114 2663 1183 2745 ipso
1212 2665 1274 2729 iam
1297 2668 1371 2731 ente
1393 2663 1539 2732 Grotium

318 2792 356 2844 cx
377 2779 467 2860 parte
490 2775 698 2857 excogitatam
720 2775 862 2858 sequitur
884 2779 916 2841 ct
930 2773 1122 2841 Lachmanni
1136 2779 1239 2841 rectas
1255 2775 1392 2842 rationes
1406 2774 1540 2840 maxime

204 2945 208 2954 .
316 2888 349 2954 in
372 2885 554 2954 Aristarcho
583 2903 640 2951 suo
669 2886 751 2953 male
781 2885 928 2969 inprobat
956 2889 987 2952 et
1017 2885 1192 2968 obpugnat,
1227 2904 1288 2951 vss.
1305 2891 1333 2950 A
1352 2890 1448 2950 4-5
1477 2886 1538 2950 iam

317 2998 475 3066 Zenodoto
502 2997 686 3080 subspectos
716 2998 820 3065 abicit.
860 2997 916 3064 sed
945 3016 1059 3080 magno
1086 2999 1118 3063 in
1141 3015 1248 3066 errore
1269 3003 1415 3063 versatur
1436 3015 1539 3079 neque

329 3110 394 3176 alse
416 3127 480 3175 una
502 3127 572 3176 cum
587 3109 745 3176 Zenodoto
769 3109 860 3176 ambo
883 3109 929 3175 illi
951 3108 1093 3175 homines
1116 3108 1199 3175 docti
1214 3107 1402 3175 refelluntur
1420 3108 1538 3174 Aristo·

316 3220 379 3287 uici
400 3219 441 3286 ad
463 3239 516 3287 eos
537 3238 647 3288 versus
669 3221 728 3288 hac
750 3220 952 3287 adnotatione
969 3219 1189 3286 Aristarchea:
1213 3221 1258 3283 ὅτι
1274 3217 1454 3306 Ζηνόδοτος
1468 3220 1541 3290 τοὺς

318 3331 374 3396 δὺο
397 3328 518 3394 ἀθετεῖ·
551 3328 664 3413 γίνεται
686 3329 722 3394 δὲ
745 3333 778 3395 τὸ
801 3330 962 3417 προοίμιον
985 3329 1091 3392 κόλον·
1114 3331 1160 3392 καὶ
1176 3331 1255 3414 πρὸς
1269 3330 1324 3399 τὰς
1343 3329 1444 3418 ψυχὰς
1459 3329 1537 3393 ἀντι-

317 3440 492 3506 decoratas
516 3441 550 3503 τὸ
574 3438 690 3511 αὐτὸς
712 3439 770 3516 δέ,
799 3439 847 3504 ἐπὶ
870 3444 930 3504 τῶν
953 3435 1122 3526 σωμάτιον.
1156 3440 1241 3522 quod
1261 3441 1428 3507 Aristonici
1451 3442 1540 3508 scho-

316 3553 380 3619 lion
402 3551 443 3618 ad
460 3552 635 3620 Aristarchi
657 3552 763 3635 diplen
786 3553 826 3620 ab
850 3570 886 3617 eo
908 3571 1001 3620 versu
1024 3554 1180 3636 adpictum
1201 3560 1388 3637 argumenta
1408 3555 1541 3637 praebet

316 3653 402 3730 haud
424 3662 618 3747 inprobanda
641 3680 740 3746 eoque
763 3663 867 3730 adlato
882 3663 1057 3748 philologus
1072 3665 1198 3748 quidam
1215 3671 1325 3730 nostra
1340 3663 1433 3730 laude
1448 3671 1539 3748 supe·

316 3774 382 3840 rior
403 3775 492 3840 nobis
515 3773 709 3842 auditoribus
730 3779 817 3842 recte
837 3775 988 3842 refutavit
1010 3779 1042 3841 et
1058 3776 1283 3857 Duentzerum,
1305 3776 1359 3858 qui
1382 3773 1460 3841 false
1477 3794 1539 3841 non

317 3885 493 3952 commoveri
520 3887 640 3969 patitur
659 3886 832 3953 Aristarchi
859 3886 1048 3953 refutatione
1078 3885 1291 3968 Zenodotique
1319 3886 1540 3952 auctoritatem

317 3995 497 4068 Aristarcho
519 4013 626 4079 parem
652 3997 752 4062 credit
774 4014 905 4078 eamque
927 3997 967 4062 ob
990 4013 1132 4062 caussam
1154 3995 1269 4061 librum
1292 3996 1478 4079 conseripsit
1500 3996 1541 4063 de

316 4105 465 4172 Zenodoti
494 4105 606 4172 studiis
628 4105 801 4171 Homericis
830 4106 1030 4190 inscriptum,
1060 4122 1153 4186 quem
1176 4105 1297 4171 Lchrsii
1328 4105 1407 4173 libro
1430 4125 1538 4190 parem

317 4234 386 4282 esse
408 4221 464 4281 aut
485 4217 617 4282 similem
639 4215 763 4298 nequis
785 4216 894 4283 credat
908 4216 999 4282 valde
1021 4217 1195 4282 cavendum
1210 4219 1266 4296 est,
1290 4228 1321 4282 et
1335 4216 1540 4300 Koechlyum‚

318 4327 372 4412 qui
393 4327 543 4396 Zenodoti
571 4334 603 4394 ct
623 4327 795 4397 Ducntzeri
825 4327 1002 4408 opinionem
1028 4346 1066 4393 ea
1095 4327 1163 4392 sola
1185 4326 1223 4392 de
1245 4343 1356 4392 caussa
1378 4327 1540 4410 amplexus

318 4455 387 4506 csse
408 4438 548 4519 videtur,
577 4437 661 4521 quod
691 4438 798 4504 eiectis
829 4437 890 4503 illis
919 4436 1041 4503 duobus
1064 4437 1206 4504 versibus
1231 4437 1370 4521 quinque
1391 4455 1540 4504 versuum

316 4550 462 4640 pericopa
483 4550 622 4637 adparat.
660 4568 787 4620 caussas
810 4550 893 4617 enim
915 4567 971 4616 cur
992 4549 1178 4644 Duentzero
1195 4555 1228 4616 et
1249 4548 1407 4616 Zenodoto
1429 4547 1537 4613 adces-
