3460 5370
843 435 1034 496 ..2-

326 619 411 688 nltra
432 638 503 686 eum
524 637 711 702 progressus
733 619 799 701 egit
819 618 852 682 in
874 617 1007 684 lectione
1026 618 1066 684 ad
1086 616 1322 699 adipiscendum
1340 620 1373 683 in
1390 618 1554 685 academia

325 731 521 798 Berolinensi
540 731 755 812 magisterium
777 747 860 795 anno
878 733 958 794 1816
980 727 1065 794 haud
1087 729 1186 794 multo
1207 732 1280 810 post
1296 730 1396 812 ipsius
1413 749 1451 795 ex
1467 729 1552 795 bello

326 839 447 907 Gallico
468 840 604 907 reditum
626 839 744 922 habita,
768 840 857 905 cuius
879 839 985 922 paullo
1007 843 1080 922 post
1102 857 1173 904 cum
1194 839 1452 904 adnotationibus
1467 839 1549 920 apud

325 950 560 1017 Ferdinandum
581 950 815 1017 Duemmlerum
838 948 942 1015 edltae
963 947 1075 1014 tltulus
1098 953 1162 1015 est:
1195 950 1274 1016 uber
1302 949 1352 1015 die
1379 956 1551 1030 ursprsmg-

324 1061 406 1127 liche
426 1060 543 1142 gestalt
567 1061 622 1127 des
642 1060 786 1143 gedicbts
808 1078 871 1126 ron
892 1061 949 1125 der
971 1059 1151 1143 Nibelonge
1171 1061 1262 1141 noth,
1293 1060 1405 1126 deinde
1426 1060 1550 1124 locutus

325 1175 375 1236 est
403 1171 435 1236 in
465 1171 730 1252 conmentatione,
758 1189 840 1254 quae
867 1171 1067 1238 inscribitur:
1101 1171 1200 1237 kritik
1226 1171 1284 1236 der
1309 1189 1386 1254 suge
1406 1189 1466 1237 von
1489 1169 1549 1234 den

324 1280 537 1364 Nibelungcn‚
559 1282 593 1346 in
613 1281 716 1347 lucem
738 1281 878 1347 editam
899 1299 1008 1347 museo
1030 1282 1182 1349 Rhenano
1204 1281 1551 1362 anni1829,deniqne

325 1397 542 1458 conmentatus
564 1397 614 1458 cst
635 1393 668 1457 in
689 1393 945 1459 adnotationibus
967 1391 1028 1456 illis
1051 1393 1247 1474 clarissimIs,
1277 1411 1358 1475 quae
1379 1391 1549 1472 inscriptae

324 1503 567 1585 anmerkungen.
587 1523 628 1568 zu
657 1503 718 1568 den
740 1503 936 1586 Nibelungen
957 1504 1022 1568 und
1052 1523 1110 1568 zur
1138 1503 1231 1586 klagc
1261 1505 1447 1587 prodierunt
1467 1521 1549 1568 anno

329 1614 431 1696 1836)
465 1613 734 1694 disquisitionibus
763 1614 912 1679 incitatus
940 1614 1036 1679 alium
1063 1615 1097 1679 in
1124 1615 1194 1679 aliis
1221 1615 1365 1696 partibus
1395 1615 1548 1680 sermonis

323 1725 467 1805 colorem,
486 1742 592 1790 rernm
608 1729 808 1790 narratarum
826 1724 1053 1805 discrepantias
1072 1725 1150 1789 satls
1160 1723 1275 1790 multas
1292 1729 1325 1789 et
1342 1728 1470 1789 suturas
1486 1741 1549 1789 non

323 1852 440 1917 paucas
463 1833 574 1900 adesse
595 1834 805 1901 interlcxisset
822 1833 1031 1919 Wolfiumque
1053 1835 1193 1916 graviter
1214 1834 1312 1900 ferret
1332 1853 1395 1900 non
1418 1854 1456 1900 eo
1477 1854 1548 1916 pro-

322 1963 465 2028 gressum
487 1964 565 2026 esse,
587 1950 623 2011 ut
645 1946 807 2027 indicaret,
830 1946 945 2028 quibus
966 1947 1043 2012 loeis
1065 1950 1196 2012 suturae
1213 1947 1375 2013 adhibitae
1393 1949 1498 2011 essent
1515 1950 1547 2009 81

322 2057 482 2122 rariorum
510 2062 673 2123 auctorum
699 2057 823 2139 singula
845 2058 984 2124 carmina
1006 2077 1025 2123 a
1048 2058 1241 2123 Pisistrateis
1264 2055 1467 2124 diasceuastis
1489 2072 1545 2119 seu

323 2166 595 2234 concinnatoribus
622 2168 663 2233 ad
686 2166 878 2234 conficienda
899 2166 954 2233 illa
976 2168 1038 2235 duo
1060 2167 1168 2234 Iliadis
1190 2172 1222 2234 et
1237 2167 1396 2250 Odysseae
1417 2183 1546 2247 corpora

323 2282 455 2344 consuta
476 2284 590 2357 essent,
613 2279 709 2344 adid
731 2276 877 2344 oblicium
899 2297 918 2343 a
936 2276 1059 2359 Wolfio,
1083 2278 1133 2345 cui
1154 2278 1255 2343 multa
1269 2278 1433 2357 debentur,
1457 2277 1547 2342 omis

323 2404 393 2452 sum
414 2391 544 2468 paratus
567 2389 608 2454 ad
629 2408 696 2454 rem
719 2388 904 2470 exigendam
925 2393 959 2454 et
980 2388 1123 2454 doctrina
1142 2395 1174 2454 81
1189 2389 1304 2469 peritia
1315 2391 1348 2453 81
1366 2405 1487 2452 summo
1502 2386 1547 2450 in-

318 2497 412 2579 genio
440 2498 575 2564 adcessit
601 2497 778 2581 libellisque
806 2499 945 2579 duobus,
979 2517 1113 2580 quorum
1139 2499 1220 2564 alter
1245 2498 1381 2580 primum
1403 2497 1547 2578 volgatus

320 2612 370 2673 est
390 2608 423 2673 in
437 2606 615 2674 litterarum
630 2612 663 2674 et
679 2607 879 2674 scientiarum
893 2609 1071 2675 academiae
1086 2609 1164 2674 actis
1180 2609 1252 2674 anni
1270 2612 1363 2690 1837,
1386 2608 1468 2673 alter
1485 2607 1549 2690 pri·

318 2735 404 2782 mum
427 2719 559 2785 emissus
581 2718 615 2784 in
636 2717 754 2784 eisdem
773 2719 854 2784 actis
869 2718 943 2783 anni
963 2718 1053 2798 1841,
1078 2716 1231 2784 eaWolfii
1246 2720 1411 2800 sententia,
1434 2737 1472 2784 ex
1484 2736 1548 2799 qua

319 2828 394 2894 Ilias
417 2834 450 2894 et
466 2829 608 2912 Odyssea
622 2830 781 2896 Pisistrati
803 2831 892 2895 iussu
904 2829 1039 2894 Athenis
1061 2848 1100 2894 cx
1118 2828 1249 2910 singulis
1268 2830 1456 2894 carminibus
1473 2832 1547 2893 ante

319 2943 441 3006 sextum
471 2941 630 3008 saeculum
657 2941 785 3006 disfusis
816 2945 849 3006 ct
875 2941 1013 3006 disiectis
1036 2945 1069 3006 81
1089 2941 1224 3022 primum
1246 2941 1286 3006 ab
1308 2940 1415 3006 aoedis
1437 2944 1505 3004 tum
1527 2957 1547 3002 a

319 3048 483 3132 rhapsodis
512 3050 579 3116 sola
608 3053 758 3121 memoria
786 3051 860 3118 inde
892 3052 1035 3118 amedio
1058 3052 1184 3118 saeculo
1207 3052 1391 3118 duodecimo
1413 3039 1546 3116 servatis
1585 3085 1594 3098 ι

323 3165 355 3226 81
381 3179 438 3242 per
459 3161 623 3228 Graeciam
646 3165 781 3230 cantatis
804 3169 837 3229 et
858 3163 1040 3230 declamatis
1062 3165 1094 3228 in
1117 3164 1180 3228 duo
1202 3164 1256 3228 illa
1278 3179 1391 3242 magna
1414 3179 1547 3243 corpora

320 3272 534 3354 conglutinata
562 3292 661 3355 eoque
690 3279 830 3355 tempore
858 3275 993 3356 primum
1020 3256 1135 3340 litteris
1165 3273 1350 3355 consignata
1371 3277 1460 3352 sunt,
1489 3291 1545 3354 pro

319 3383 546 3466 disquisitionis
567 3384 771 3451 mandamento
792 3386 896 3468 posita
913 3384 1045 3450 Iliadem
1067 3385 1101 3449 in
1124 3403 1196 3449 eum
1217 3381 1310 3448 finem
1329 3383 1487 3464 tractavit,
1509 3387 1545 3446 ut

321 3495 442 3560 caussis
470 3495 547 3560 satis
569 3495 689 3560 idoneis
712 3513 750 3560 ex
771 3495 849 3577 ipsis
872 3495 1062 3560 carminibus
1085 3509 1256 3573 eorumque
1279 3493 1400 3574 analysi
1421 3492 1543 3558 haustis

320 3606 411 3670 nixus
440 3624 510 3671 eam
533 3624 572 3670 ex
593 3606 701 3672 decem
723 3609 756 3670 et
776 3622 888 3672 novem
911 3604 1096 3682 (nonenim
1119 3602 1280 3685 catalogus
1307 3621 1487 3687 quanquam
1509 3621 1546 3668 er

321 3714 426 3781 schola
448 3715 597 3782 Boeotica
624 3721 712 3782 ortus
742 3735 763 3782 a
789 3715 918 3799 reliquis
941 3714 1145 3796 carminibus,
1175 3719 1211 3780 ut
1233 3712 1303 3779 fieri
1325 3715 1405 3779 solet
1426 3714 1467 3782 ab
1490 3713 1544 3794 818,

320 3825 375 3908 qui
397 3826 436 3891 de
458 3825 653 3917 Lachmanni
675 3827 832 3894 sententia
853 3825 1009 3908 referunt,
1039 3825 1265 3908 discerpendus
1288 3821 1355 3909 est)
1377 3824 1473 3890 variis
1495 3843 1547 3890 va·

319 3936 438 4002 riorum
460 3943 625 4004 auctorum
647 3939 837 4028 carminibus
859 3940 992 4006 invectis
1015 3958 1034 4004 a
1056 3945 1207 4022 quattuor
1228 3937 1290 4003 illis
1311 3937 1471 4002 Pisistrati
1492 3935 1547 4000 ad-

320 4047 474 4114 iutoribus
504 4053 537 4114 et
565 4051 825 4136 conectendarum
856 4050 1050 4132 singularum
1078 4050 1217 4133 partium
1245 4066 1356 4116 caussa
1381 4052 1413 4111 et
1434 4045 1475 4109 ad
1495 4043 1544 4107 Pi-

321 4159 482 4226 sistratum
505 4161 634 4241 eiusque
656 4161 853 4243 tyrannidem
875 4161 1024 4243 ipsasque
1042 4159 1182 4226 Athenas
1206 4163 1238 4225 et
1256 4155 1462 4225 Athenienses
1478 4153 1546 4220 lau-

321 4269 440 4336 dandos
467 4275 500 4336 81
526 4270 751 4353 praedicandos
778 4276 810 4337 et
832 4271 975 4338 uersibus
1001 4273 1132 4354 singulis
1156 4277 1189 4338 et
1209 4272 1353 4355 partibus
1375 4268 1545 4336 maioribus

321 4379 352 4446 in
375 4399 471 4446 unum
494 4401 607 4466 corpus
629 4384 873 4466 conglutinatam
897 4387 929 4448 et
949 4400 1097 4448 conexam
1116 4384 1353 4449 demonstraret.
1388 4379 1546 4447 coniuncti

319 4491 417 4558 libelli
444 4492 729 4574 additamentisque
757 4498 789 4560 81
815 4493 915 4580 ipsius
938 4494 1147 4575 Lachmanni,
1177 4495 1265 4561 cuius
1296 4499 1344 4558 est
1367 4492 1471 4559 brevis
1493 4490 1547 4556 illa

322 4602 361 4670 da
388 4603 539 4671 Zenodoti
569 4606 601 4672 in
628 4605 829 4671 numerandis
858 4605 965 4672 Iliadis
995 4606 1105 4674 diebus
1133 4605 1256 4673 ratione
1286 4602 1484 4698 dissertatio,
1515 4603 1548 4666 et
