<?xml version="1.0" encoding="UTF-8"?>
<!DOCTYPE html PUBLIC "-//W3C//DTD XHTML 1.0 Transitional//EN"
    "http://www.w3.org/TR/xhtml1/DTD/xhtml1-transitional.dtd">
<html xmlns="http://www.w3.org/1999/xhtml" xml:lang="en" lang="en">
 <head>
  <title>
</title>
<meta http-equiv="Content-Type" content="text/html;charset=utf-8" />
  <meta name='ocr-system' content='tesseract 3.04.00' />
  <meta name='ocr-capabilities' content='ocr_page ocr_carea ocr_par ocr_line ocrx_word'/>
</head>
<body>
  <div class='ocr_page' id='page_1' title='image "./deiliadislibrop00benigoog_0052.png"; bbox 0 0 3460 5370; ppageno 0'>
   <div class='ocr_carea' id='block_1_1' title="bbox 699 407 891 468">
    <p class='ocr_par' dir='ltr' id='par_1_1' title="bbox 699 407 891 468">
     <span class='ocr_line' id='line_1_1' title="bbox 699 407 891 468; baseline 0.005 -18"><span class='ocrx_word' id='word_1_1' title='bbox 699 407 891 468; x_wconf 77' lang='lat'>..45.</span> 
     </span>
    </p>
   </div>
   <div class='ocr_carea' id='block_1_2' title="bbox 140 573 1474 4643">
    <p class='ocr_par' dir='ltr' id='par_1_2' title="bbox 140 573 1474 4098">
     <span class='ocr_line' id='line_1_2' title="bbox 140 573 1418 671; baseline 0 -16"><span class='ocrx_word' id='word_1_2' title='bbox 140 609 142 612; x_wconf 87' lang='lat'>·</span> <span class='ocrx_word' id='word_1_3' title='bbox 192 607 212 655; x_wconf 92' lang='lat' dir='ltr'>a</span> <span class='ocrx_word' id='word_1_4' title='bbox 240 589 394 671; x_wconf 91' lang='lat' dir='ltr'>principio</span> <span class='ocrx_word' id='word_1_5' title='bbox 422 607 484 654; x_wconf 92' lang='lat' dir='ltr'>non</span> <span class='ocrx_word' id='word_1_6' title='bbox 516 588 655 670; x_wconf 88' lang='lat' dir='ltr'>singulas</span> <span class='ocrx_word' id='word_1_7' title='bbox 678 587 774 654; x_wconf 89' lang='lat' dir='ltr'>fuisse</span> <span class='ocrx_word' id='word_1_8' title='bbox 796 573 851 655; x_wconf 87' lang='lat' dir='ltr'>sed</span> <span class='ocrx_word' id='word_1_9' title='bbox 874 605 1005 655; x_wconf 88' lang='lat' dir='ltr'>conexas</span> <span class='ocrx_word' id='word_1_10' title='bbox 1027 608 1129 669; x_wconf 89' lang='lat' dir='ltr'>neque</span> <span class='ocrx_word' id='word_1_11' title='bbox 1150 589 1263 656; x_wconf 90' lang='lat' dir='ltr'>librum</span> <span class='ocrx_word' id='word_1_12' title='bbox 1285 590 1418 671; x_wconf 84' lang='lat' dir='ltr'>primurn</span> 
     </span>
     <span class='ocr_line' id='line_1_3' title="bbox 192 699 1418 781; baseline -0.002 -15"><span class='ocrx_word' id='word_1_13' title='bbox 192 701 253 766; x_wconf 87' lang='lat' dir='ltr'>nisi</span> <span class='ocrx_word' id='word_1_14' title='bbox 276 699 471 766; x_wconf 87' lang='lat' dir='ltr'>declamandi</span> <span class='ocrx_word' id='word_1_15' title='bbox 492 717 603 765; x_wconf 81' lang='lat' dir='ltr'><strong>caussa</strong></span> <span class='ocrx_word' id='word_1_16' title='bbox 624 719 644 764; x_wconf 91' lang='lat' dir='ltr'>a</span> <span class='ocrx_word' id='word_1_17' title='bbox 665 699 822 781; x_wconf 87' lang='lat' dir='ltr'>rhapsodo</span> <span class='ocrx_word' id='word_1_18' title='bbox 844 700 979 780; x_wconf 87' lang='lat' dir='ltr'>quodam</span> <span class='ocrx_word' id='word_1_19' title='bbox 1002 700 1035 764; x_wconf 92' lang='lat' dir='ltr'>in</span> <span class='ocrx_word' id='word_1_20' title='bbox 1057 699 1135 765; x_wconf 86' lang='lat' dir='ltr'>duas</span> <span class='ocrx_word' id='word_1_21' title='bbox 1149 705 1256 781; x_wconf 89' lang='lat' dir='ltr'>partes</span> <span class='ocrx_word' id='word_1_22' title='bbox 1272 700 1418 766; x_wconf 89' lang='lat' dir='ltr'>discisum</span> 
     </span>
     <span class='ocr_line' id='line_1_4' title="bbox 194 808 1419 892; baseline -0.002 -16"><span class='ocrx_word' id='word_1_23' title='bbox 194 810 360 891; x_wconf 88' lang='lat' dir='ltr'>evinceret,</span> <span class='ocrx_word' id='word_1_24' title='bbox 384 809 550 876; x_wconf 88' lang='lat' dir='ltr'>adversum</span> <span class='ocrx_word' id='word_1_25' title='bbox 565 808 800 874; x_wconf 89' lang='lat' dir='ltr'>Lachmannum</span> <span class='ocrx_word' id='word_1_26' title='bbox 823 813 855 874; x_wconf 88' lang='lat' dir='ltr'>et</span> <span class='ocrx_word' id='word_1_27' title='bbox 869 809 1042 889; x_wconf 90' lang='lat' dir='ltr'>Hauptium</span> <span class='ocrx_word' id='word_1_28' title='bbox 1064 809 1191 892; x_wconf 79' lang='lat' dir='ltr'><strong>profert,</strong></span> <span class='ocrx_word' id='word_1_29' title='bbox 1215 829 1253 876; x_wconf 91' lang='lat' dir='ltr'>ea</span> <span class='ocrx_word' id='word_1_30' title='bbox 1267 828 1329 875; x_wconf 93' lang='lat' dir='ltr'>non</span> <span class='ocrx_word' id='word_1_31' title='bbox 1343 809 1419 874; x_wconf 90' lang='lat' dir='ltr'>talia</span> 
     </span>
     <span class='ocr_line' id='line_1_5' title="bbox 194 918 1419 1004; baseline -0.001 -19"><span class='ocrx_word' id='word_1_32' title='bbox 194 925 278 996; x_wconf 85' lang='lat' dir='ltr'>sunt,</span> <span class='ocrx_word' id='word_1_33' title='bbox 300 937 381 999; x_wconf 92' lang='lat' dir='ltr'>quae</span> <span class='ocrx_word' id='word_1_34' title='bbox 404 937 461 984; x_wconf 91' lang='lat' dir='ltr'>nos</span> <span class='ocrx_word' id='word_1_35' title='bbox 484 939 503 984; x_wconf 88' lang='lat' dir='ltr'>a</span> <span class='ocrx_word' id='word_1_36' title='bbox 525 918 724 985; x_wconf 87' lang='lat' dir='ltr'>Lachmanno</span> <span class='ocrx_word' id='word_1_37' title='bbox 747 923 780 983; x_wconf 87' lang='lat' dir='ltr'>et</span> <span class='ocrx_word' id='word_1_38' title='bbox 793 919 932 1001; x_wconf 90' lang='lat' dir='ltr'>Hauptio</span> <span class='ocrx_word' id='word_1_39' title='bbox 954 919 986 984; x_wconf 91' lang='lat' dir='ltr'>in</span> <span class='ocrx_word' id='word_1_40' title='bbox 1008 919 1106 1001; x_wconf 89' lang='lat' dir='ltr'>ipsius</span> <span class='ocrx_word' id='word_1_41' title='bbox 1128 924 1234 1004; x_wconf 84' lang='lat' dir='ltr'>partes</span> <span class='ocrx_word' id='word_1_42' title='bbox 1257 920 1419 1000; x_wconf 80' lang='lat' dir='ltr'>seducant,</span> 
     </span>
     <span class='ocr_line' id='line_1_6' title="bbox 194 1029 1419 1114; baseline 0.001 -19"><span class='ocrx_word' id='word_1_43' title='bbox 194 1049 375 1113; x_wconf 83' lang='lat' dir='ltr'>quanquam</span> <span class='ocrx_word' id='word_1_44' title='bbox 388 1031 435 1095; x_wconf 92' lang='lat' dir='ltr'>vir</span> <span class='ocrx_word' id='word_1_45' title='bbox 449 1029 533 1094; x_wconf 91' lang='lat' dir='ltr'>haud</span> <span class='ocrx_word' id='word_1_46' title='bbox 550 1030 805 1109; x_wconf 89' lang='lat' dir='ltr'>contemnendus,</span> <span class='ocrx_word' id='word_1_47' title='bbox 822 1030 910 1094; x_wconf 91' lang='lat' dir='ltr'>cuius</span> <span class='ocrx_word' id='word_1_48' title='bbox 926 1029 1040 1095; x_wconf 91' lang='lat' dir='ltr'>scholis</span> <span class='ocrx_word' id='word_1_49' title='bbox 1051 1030 1224 1096; x_wconf 82' lang='lat' dir='ltr'>Homericis</span> <span class='ocrx_word' id='word_1_50' title='bbox 1238 1030 1419 1114; x_wconf 87' lang='lat' dir='ltr'>frequentes</span> 
     </span>
     <span class='ocr_line' id='line_1_7' title="bbox 193 1137 1419 1221; baseline 0.002 -18"><span class='ocrx_word' id='word_1_51' title='bbox 193 1139 399 1221; x_wconf 87' lang='lat' dir='ltr'>interfuimus,</span> <span class='ocrx_word' id='word_1_52' title='bbox 419 1139 550 1205; x_wconf 86' lang='lat' dir='ltr'>Adolius</span> <span class='ocrx_word' id='word_1_53' title='bbox 565 1137 789 1218; x_wconf 76' lang='lat' dir='ltr'>KirohhoffiuS,</span> <span class='ocrx_word' id='word_1_54' title='bbox 811 1138 986 1221; x_wconf 84' lang='lat' dir='ltr'>philologus</span> <span class='ocrx_word' id='word_1_55' title='bbox 1009 1139 1206 1206; x_wconf 86' lang='lat' dir='ltr'>doctissimus</span> <span class='ocrx_word' id='word_1_56' title='bbox 1229 1141 1314 1206; x_wconf 90' lang='lat' dir='ltr'>etde</span> <span class='ocrx_word' id='word_1_57' title='bbox 1329 1141 1419 1206; x_wconf 88' lang='lat' dir='ltr'>Euri-</span> 
     </span>
     <span class='ocr_line' id='line_1_8' title="bbox 193 1249 1419 1332; baseline 0.002 -18"><span class='ocrx_word' id='word_1_58' title='bbox 193 1250 275 1332; x_wconf 92' lang='lat' dir='ltr'>pidis</span> <span class='ocrx_word' id='word_1_59' title='bbox 303 1249 376 1318; x_wconf 88' lang='lat' dir='ltr'>crisi</span> <span class='ocrx_word' id='word_1_60' title='bbox 406 1250 522 1331; x_wconf 91' lang='lat' dir='ltr'>optime</span> <span class='ocrx_word' id='word_1_61' title='bbox 550 1250 698 1330; x_wconf 88' lang='lat' dir='ltr'>meritus,</span> <span class='ocrx_word' id='word_1_62' title='bbox 728 1268 798 1315; x_wconf 92' lang='lat' dir='ltr'>cum</span> <span class='ocrx_word' id='word_1_63' title='bbox 828 1267 916 1314; x_wconf 91' lang='lat' dir='ltr'>more</span> <span class='ocrx_word' id='word_1_64' title='bbox 938 1249 1206 1332; x_wconf 87' lang='lat' dir='ltr'>Lachmanniano,</span> <span class='ocrx_word' id='word_1_65' title='bbox 1236 1269 1328 1332; x_wconf 90' lang='lat' dir='ltr'>quem</span> <span class='ocrx_word' id='word_1_66' title='bbox 1354 1257 1419 1317; x_wconf 89' lang='lat' dir='ltr'>tarn</span> 
     </span>
     <span class='ocr_line' id='line_1_9' title="bbox 194 1359 1419 1444; baseline 0.002 -19"><span class='ocrx_word' id='word_1_67' title='bbox 194 1378 310 1443; x_wconf 89' lang='lat' dir='ltr'>paucos</span> <span class='ocrx_word' id='word_1_68' title='bbox 333 1361 364 1425; x_wconf 91' lang='lat' dir='ltr'>in</span> <span class='ocrx_word' id='word_1_69' title='bbox 387 1359 577 1426; x_wconf 85' lang='lat' dir='ltr'>adornandis</span> <span class='ocrx_word' id='word_1_70' title='bbox 601 1359 789 1425; x_wconf 87' lang='lat' dir='ltr'>editionibus</span> <span class='ocrx_word' id='word_1_71' title='bbox 812 1359 926 1426; x_wconf 84' lang='lat' dir='ltr'>criticis</span> <span class='ocrx_word' id='word_1_72' title='bbox 950 1361 1037 1442; x_wconf 88' lang='lat' dir='ltr'>sequi</span> <span class='ocrx_word' id='word_1_73' title='bbox 1054 1361 1254 1427; x_wconf 84' lang='lat' dir='ltr'>vehementer</span> <span class='ocrx_word' id='word_1_74' title='bbox 1268 1362 1419 1444; x_wconf 83' lang='lat' dir='ltr'>dolemus,</span> 
     </span>
     <span class='ocr_line' id='line_1_10' title="bbox 195 1469 1417 1555; baseline 0.003 -20"><span class='ocrx_word' id='word_1_75' title='bbox 195 1470 354 1552; x_wconf 86' lang='lat' dir='ltr'>Euripidis</span> <span class='ocrx_word' id='word_1_76' title='bbox 376 1469 491 1535; x_wconf 91' lang='lat' dir='ltr'>multos</span> <span class='ocrx_word' id='word_1_77' title='bbox 515 1470 637 1535; x_wconf 87' lang='lat' dir='ltr'>codices</span> <span class='ocrx_word' id='word_1_78' title='bbox 662 1471 765 1551; x_wconf 88' lang='lat' dir='ltr'>(XIX)</span> <span class='ocrx_word' id='word_1_79' title='bbox 788 1473 981 1537; x_wconf 83' lang='lat' dir='ltr'>recensuerit</span> <span class='ocrx_word' id='word_1_80' title='bbox 1003 1476 1035 1538; x_wconf 92' lang='lat' dir='ltr'>et</span> <span class='ocrx_word' id='word_1_81' title='bbox 1057 1473 1281 1555; x_wconf 88' lang='lat' dir='ltr'>circumspecto</span> <span class='ocrx_word' id='word_1_82' title='bbox 1303 1473 1417 1545; x_wconf 88' lang='lat' dir='ltr'>indicio</span> 
     </span>
     <span class='ocr_line' id='line_1_11' title="bbox 194 1581 1416 1665; baseline 0.001 -19"><span class='ocrx_word' id='word_1_83' title='bbox 194 1581 243 1646; x_wconf 92' lang='lat' dir='ltr'>ad·</span> <span class='ocrx_word' id='word_1_84' title='bbox 257 1581 373 1646; x_wconf 87' lang='lat' dir='ltr'>classes</span> <span class='ocrx_word' id='word_1_85' title='bbox 400 1584 486 1647; x_wconf 90' lang='lat' dir='ltr'>recte</span> <span class='ocrx_word' id='word_1_86' title='bbox 514 1581 708 1646; x_wconf 87' lang='lat' dir='ltr'>revocaverit</span> <span class='ocrx_word' id='word_1_87' title='bbox 736 1581 914 1662; x_wconf 87' lang='lat' dir='ltr'>criseosque</span> <span class='ocrx_word' id='word_1_88' title='bbox 937 1581 1139 1649; x_wconf 83' lang='lat' dir='ltr'>fundamenta</span> <span class='ocrx_word' id='word_1_89' title='bbox 1161 1585 1278 1665; x_wconf 90' lang='lat' dir='ltr'>optime</span> <span class='ocrx_word' id='word_1_90' title='bbox 1300 1583 1416 1664; x_wconf 88' lang='lat' dir='ltr'>iecerit,</span> 
     </span>
     <span class='ocr_line' id='line_1_12' title="bbox 195 1689 1417 1774; baseline 0 -18"><span class='ocrx_word' id='word_1_91' title='bbox 195 1691 297 1756; x_wconf 92' lang='lat' dir='ltr'>eidam</span> <span class='ocrx_word' id='word_1_92' title='bbox 327 1691 464 1771; x_wconf 93' lang='lat' dir='ltr'>opinioni</span> <span class='ocrx_word' id='word_1_93' title='bbox 487 1689 657 1756; x_wconf 87' lang='lat' dir='ltr'>Grotianae</span> <span class='ocrx_word' id='word_1_94' title='bbox 686 1689 771 1756; x_wconf 86' lang='lat' dir='ltr'>iavet</span> <span class='ocrx_word' id='word_1_95' title='bbox 801 1710 931 1774; x_wconf 88' lang='lat' dir='ltr'>eamque</span> <span class='ocrx_word' id='word_1_96' title='bbox 960 1692 993 1756; x_wconf 92' lang='lat' dir='ltr'>in</span> <span class='ocrx_word' id='word_1_97' title='bbox 1016 1692 1156 1774; x_wconf 85' lang='lat' dir='ltr'>Odyssea</span> <span class='ocrx_word' id='word_1_98' title='bbox 1178 1693 1321 1758; x_wconf 89' lang='lat' dir='ltr'>adhibuit</span> <span class='ocrx_word' id='word_1_99' title='bbox 1344 1693 1417 1771; x_wconf 82' lang='lat' dir='ltr'>(cir.</span> 
     </span>
     <span class='ocr_line' id='line_1_13' title="bbox 198 1798 1418 1885; baseline 0.002 -20"><span class='ocrx_word' id='word_1_100' title='bbox 198 1799 374 1866; x_wconf 85' lang='lat' dir='ltr'>Kirchhoff:</span> <span class='ocrx_word' id='word_1_101' title='bbox 399 1800 449 1865; x_wconf 89' lang='lat' dir='ltr'>die</span> <span class='ocrx_word' id='word_1_102' title='bbox 470 1799 552 1864; x_wconf 92' lang='lat' dir='ltr'>hom.</span> <span class='ocrx_word' id='word_1_103' title='bbox 568 1798 707 1880; x_wconf 88' lang='lat' dir='ltr'>Odyssee</span> <span class='ocrx_word' id='word_1_104' title='bbox 730 1800 794 1865; x_wconf 93' lang='lat' dir='ltr'>und</span> <span class='ocrx_word' id='word_1_105' title='bbox 816 1800 883 1867; x_wconf 88' lang='lat' dir='ltr'>ihre</span> <span class='ocrx_word' id='word_1_106' title='bbox 906 1801 1094 1885; x_wconf 86' lang='lat' dir='ltr'>entstehung</span> <span class='ocrx_word' id='word_1_107' title='bbox 1109 1808 1141 1867; x_wconf 90' lang='lat' dir='ltr'>et</span> <span class='ocrx_word' id='word_1_108' title='bbox 1155 1805 1418 1870; x_wconf 88' lang='lat' dir='ltr'>conmentationes</span> 
     </span>
     <span class='ocr_line' id='line_1_14' title="bbox 197 1909 1419 1997; baseline 0.005 -22"><span class='ocrx_word' id='word_1_109' title='bbox 197 1913 360 1977; x_wconf 90' lang='lat' dir='ltr'>annalibus</span> <span class='ocrx_word' id='word_1_110' title='bbox 379 1911 543 1994; x_wconf 91' lang='lat' dir='ltr'>philologis</span> <span class='ocrx_word' id='word_1_111' title='bbox 560 1909 718 1996; x_wconf 89' lang='lat' dir='ltr'>insertas).</span> <span class='ocrx_word' id='word_1_112' title='bbox 749 1912 805 1978; x_wconf 90' lang='lat' dir='ltr'>sed</span> <span class='ocrx_word' id='word_1_113' title='bbox 821 1912 986 1978; x_wconf 85' lang='lat' dir='ltr'>redeamus</span> <span class='ocrx_word' id='word_1_114' title='bbox 1001 1914 1041 1978; x_wconf 91' lang='lat' dir='ltr'>ad</span> <span class='ocrx_word' id='word_1_115' title='bbox 1055 1914 1341 1981; x_wconf 87' lang='lat' dir='ltr'>Friedlaenderum.</span> <span class='ocrx_word' id='word_1_116' title='bbox 1365 1917 1419 1997; x_wconf 91' lang='lat' dir='ltr'>qui</span> 
     </span>
     <span class='ocr_line' id='line_1_15' title="bbox 196 2020 1418 2106; baseline 0.004 -18"><span class='ocrx_word' id='word_1_117' title='bbox 196 2023 322 2105; x_wconf 89' lang='lat' dir='ltr'>quidem</span> <span class='ocrx_word' id='word_1_118' title='bbox 350 2023 382 2087; x_wconf 94' lang='lat' dir='ltr'>in</span> <span class='ocrx_word' id='word_1_119' title='bbox 410 2021 465 2087; x_wconf 90' lang='lat' dir='ltr'>illa</span> <span class='ocrx_word' id='word_1_120' title='bbox 495 2020 682 2104; x_wconf 90' lang='lat' dir='ltr'>adpendice,</span> <span class='ocrx_word' id='word_1_121' title='bbox 711 2027 877 2103; x_wconf 90' lang='lat' dir='ltr'>postquam</span> <span class='ocrx_word' id='word_1_122' title='bbox 904 2024 1002 2088; x_wconf 88' lang='lat' dir='ltr'>malas</span> <span class='ocrx_word' id='word_1_123' title='bbox 1029 2043 1103 2091; x_wconf 87' lang='lat' dir='ltr'>suas</span> <span class='ocrx_word' id='word_1_124' title='bbox 1125 2025 1165 2090; x_wconf 91' lang='lat' dir='ltr'>de</span> <span class='ocrx_word' id='word_1_125' title='bbox 1188 2027 1288 2106; x_wconf 92' lang='lat' dir='ltr'>primo</span> <span class='ocrx_word' id='word_1_126' title='bbox 1311 2026 1418 2092; x_wconf 88' lang='lat' dir='ltr'>Iliadis</span> 
     </span>
     <span class='ocr_line' id='line_1_16' title="bbox 193 2131 1419 2214; baseline 0.006 -18"><span class='ocrx_word' id='word_1_127' title='bbox 193 2132 274 2198; x_wconf 95' lang='lat' dir='ltr'>libro</span> <span class='ocrx_word' id='word_1_128' title='bbox 297 2131 459 2212; x_wconf 88' lang='lat' dir='ltr'>opiniones</span> <span class='ocrx_word' id='word_1_129' title='bbox 481 2131 626 2196; x_wconf 85' lang='lat' dir='ltr'>Grotium</span> <span class='ocrx_word' id='word_1_130' title='bbox 650 2138 798 2214; x_wconf 89' lang='lat' dir='ltr'>tanquam</span> <span class='ocrx_word' id='word_1_131' title='bbox 822 2133 959 2213; x_wconf 89' lang='lat' dir='ltr'>heroem,</span> <span class='ocrx_word' id='word_1_132' title='bbox 981 2153 1052 2200; x_wconf 86' lang='lat' dir='ltr'>oum</span> <span class='ocrx_word' id='word_1_133' title='bbox 1073 2140 1179 2201; x_wconf 89' lang='lat' dir='ltr'>tamen</span> <span class='ocrx_word' id='word_1_134' title='bbox 1201 2137 1278 2201; x_wconf 94' lang='lat' dir='ltr'>nihil</span> <span class='ocrx_word' id='word_1_135' title='bbox 1299 2138 1419 2203; x_wconf 89' lang='lat' dir='ltr'>sitnisi</span> 
     </span>
     <span class='ocr_line' id='line_1_17' title="bbox 194 2243 1420 2328; baseline 0.006 -21"><span class='ocrx_word' id='word_1_136' title='bbox 194 2243 281 2308; x_wconf 86' lang='lat' dir='ltr'>dives</span> <span class='ocrx_word' id='word_1_137' title='bbox 304 2247 459 2309; x_wconf 88' lang='lat' dir='ltr'>mercator</span> <span class='ocrx_word' id='word_1_138' title='bbox 482 2248 514 2308; x_wconf 90' lang='lat' dir='ltr'>et</span> <span class='ocrx_word' id='word_1_139' title='bbox 535 2243 623 2309; x_wconf 89' lang='lat' dir='ltr'>vafer</span> <span class='ocrx_word' id='word_1_140' title='bbox 643 2243 788 2324; x_wconf 90' lang='lat' dir='ltr'>politicus</span> <span class='ocrx_word' id='word_1_141' title='bbox 811 2245 1026 2311; x_wconf 89' lang='lat' dir='ltr'>democraticis</span> <span class='ocrx_word' id='word_1_142' title='bbox 1057 2245 1201 2311; x_wconf 89' lang='lat' dir='ltr'>addictus</span> <span class='ocrx_word' id='word_1_143' title='bbox 1230 2247 1343 2328; x_wconf 88' lang='lat' dir='ltr'>signis,</span> <span class='ocrx_word' id='word_1_144' title='bbox 1373 2267 1420 2314; x_wconf 91' lang='lat' dir='ltr'>se·</span> 
     </span>
     <span class='ocr_line' id='line_1_18' title="bbox 194 2353 1419 2440; baseline 0.004 -21"><span class='ocrx_word' id='word_1_145' title='bbox 194 2359 286 2419; x_wconf 88' lang='lat' dir='ltr'>cutus</span> <span class='ocrx_word' id='word_1_146' title='bbox 308 2354 449 2436; x_wconf 91' lang='lat' dir='ltr'>protulit,</span> <span class='ocrx_word' id='word_1_147' title='bbox 473 2353 512 2419; x_wconf 90' lang='lat' dir='ltr'>ad</span> <span class='ocrx_word' id='word_1_148' title='bbox 534 2355 741 2420; x_wconf 86' lang='lat' dir='ltr'>recensendas</span> <span class='ocrx_word' id='word_1_149' title='bbox 756 2354 949 2420; x_wconf 89' lang='lat' dir='ltr'>Lachmanni</span> <span class='ocrx_word' id='word_1_150' title='bbox 972 2356 1011 2420; x_wconf 91' lang='lat' dir='ltr'>de</span> <span class='ocrx_word' id='word_1_151' title='bbox 1033 2355 1155 2422; x_wconf 89' lang='lat' dir='ltr'>dierum</span> <span class='ocrx_word' id='word_1_152' title='bbox 1177 2357 1209 2422; x_wconf 93' lang='lat' dir='ltr'>in</span> <span class='ocrx_word' id='word_1_153' title='bbox 1224 2358 1323 2440; x_wconf 90' lang='lat' dir='ltr'>primo</span> <span class='ocrx_word' id='word_1_154' title='bbox 1339 2358 1419 2425; x_wconf 91' lang='lat' dir='ltr'>libro</span> 
     </span>
     <span class='ocr_line' id='line_1_19' title="bbox 194 2464 1419 2548; baseline 0.004 -19"><span class='ocrx_word' id='word_1_155' title='bbox 194 2465 410 2531; x_wconf 85' lang='lat' dir='ltr'>numeratione</span> <span class='ocrx_word' id='word_1_156' title='bbox 438 2465 608 2530; x_wconf 90' lang='lat' dir='ltr'>sententias</span> <span class='ocrx_word' id='word_1_157' title='bbox 637 2466 740 2548; x_wconf 88' lang='lat' dir='ltr'>pergit</span> <span class='ocrx_word' id='word_1_158' title='bbox 769 2485 806 2531; x_wconf 88' lang='lat' dir='ltr'>ex</span> <span class='ocrx_word' id='word_1_159' title='bbox 837 2464 944 2545; x_wconf 89' lang='lat' dir='ltr'>eisque</span> <span class='ocrx_word' id='word_1_160' title='bbox 972 2466 1071 2531; x_wconf 89' lang='lat' dir='ltr'>solam</span> <span class='ocrx_word' id='word_1_161' title='bbox 1105 2484 1174 2531; x_wconf 89' lang='lat' dir='ltr'>eam</span> <span class='ocrx_word' id='word_1_162' title='bbox 1201 2473 1320 2533; x_wconf 88' lang='lat' dir='ltr'>rectam</span> <span class='ocrx_word' id='word_1_163' title='bbox 1350 2487 1419 2534; x_wconf 86' lang='lat' dir='ltr'>esse</span> 
     </span>
     <span class='ocr_line' id='line_1_20' title="bbox 196 2575 1420 2658; baseline 0.003 -18"><span class='ocrx_word' id='word_1_164' title='bbox 196 2575 278 2656; x_wconf 89' lang='lat' dir='ltr'>dicit,</span> <span class='ocrx_word' id='word_1_165' title='bbox 303 2595 340 2640; x_wconf 88' lang='lat' dir='ltr'>ex</span> <span class='ocrx_word' id='word_1_166' title='bbox 362 2594 426 2658; x_wconf 87' lang='lat' dir='ltr'>qua</span> <span class='ocrx_word' id='word_1_167' title='bbox 448 2575 650 2640; x_wconf 90' lang='lat' dir='ltr'>duodecimus</span> <span class='ocrx_word' id='word_1_168' title='bbox 670 2576 724 2655; x_wconf 89' lang='lat' dir='ltr'>qui</span> <span class='ocrx_word' id='word_1_169' title='bbox 739 2579 866 2641; x_wconf 87' lang='lat' dir='ltr'>notatus</span> <span class='ocrx_word' id='word_1_170' title='bbox 882 2575 924 2641; x_wconf 87' lang='lat' dir='ltr'>sit</span> <span class='ocrx_word' id='word_1_171' title='bbox 937 2576 1004 2641; x_wconf 91' lang='lat' dir='ltr'>dies</span> <span class='ocrx_word' id='word_1_172' title='bbox 1021 2578 1192 2643; x_wconf 88' lang='lat' dir='ltr'>secundum</span> <span class='ocrx_word' id='word_1_173' title='bbox 1203 2577 1420 2644; x_wconf 84' lang='lat' dir='ltr'>Aristarchum</span> 
     </span>
     <span class='ocr_line' id='line_1_21' title="bbox 195 2685 1419 2770; baseline 0.004 -19"><span class='ocrx_word' id='word_1_174' title='bbox 195 2687 237 2752; x_wconf 87' lang='lat' dir='ltr'>sit</span> <span class='ocrx_word' id='word_1_175' title='bbox 257 2687 323 2751; x_wconf 89' lang='lat' dir='ltr'>irae</span> <span class='ocrx_word' id='word_1_176' title='bbox 346 2685 556 2752; x_wconf 87' lang='lat' dir='ltr'>duodecimus.</span> <span class='ocrx_word' id='word_1_177' title='bbox 592 2704 673 2767; x_wconf 88' lang='lat' dir='ltr'>quae</span> <span class='ocrx_word' id='word_1_178' title='bbox 696 2691 806 2752; x_wconf 77' lang='lat' dir='ltr'>noraha</span> <span class='ocrx_word' id='word_1_179' title='bbox 820 2685 1055 2752; x_wconf 89' lang='lat' dir='ltr'>Lachmannum</span> <span class='ocrx_word' id='word_1_180' title='bbox 1075 2687 1127 2752; x_wconf 93' lang='lat' dir='ltr'>hio</span> <span class='ocrx_word' id='word_1_181' title='bbox 1148 2688 1275 2770; x_wconf 88' lang='lat' dir='ltr'>profert,</span> <span class='ocrx_word' id='word_1_182' title='bbox 1299 2709 1337 2756; x_wconf 90' lang='lat' dir='ltr'>ea</span> <span class='ocrx_word' id='word_1_183' title='bbox 1357 2709 1419 2756; x_wconf 91' lang='lat' dir='ltr'>non</span> 
     </span>
     <span class='ocr_line' id='line_1_22' title="bbox 195 2795 1419 2880; baseline 0.007 -20"><span class='ocrx_word' id='word_1_184' title='bbox 195 2797 297 2861; x_wconf 92' lang='lat' dir='ltr'>minus</span> <span class='ocrx_word' id='word_1_185' title='bbox 327 2795 406 2861; x_wconf 86' lang='lat' dir='ltr'>falsa</span> <span class='ocrx_word' id='word_1_186' title='bbox 434 2801 509 2861; x_wconf 90' lang='lat' dir='ltr'>sunt</span> <span class='ocrx_word' id='word_1_187' title='bbox 535 2813 629 2876; x_wconf 88' lang='lat' dir='ltr'>quarn</span> <span class='ocrx_word' id='word_1_188' title='bbox 659 2814 738 2877; x_wconf 88' lang='lat' dir='ltr'>quae</span> <span class='ocrx_word' id='word_1_189' title='bbox 769 2800 863 2862; x_wconf 86' lang='lat' dir='ltr'>antea</span> <span class='ocrx_word' id='word_1_190' title='bbox 894 2797 1035 2876; x_wconf 88' lang='lat' dir='ltr'>protulit.</span> <span class='ocrx_word' id='word_1_191' title='bbox 1075 2799 1209 2879; x_wconf 89' lang='lat' dir='ltr'>primum</span> <span class='ocrx_word' id='word_1_192' title='bbox 1231 2799 1314 2865; x_wconf 89' lang='lat' dir='ltr'>enim</span> <span class='ocrx_word' id='word_1_193' title='bbox 1336 2803 1419 2880; x_wconf 93' lang='lat' dir='ltr'>quod</span> 
     </span>
     <span class='ocr_line' id='line_1_23' title="bbox 196 2897 1420 2996; baseline 0.003 -24"><span class='ocrx_word' id='word_1_194' title='bbox 196 2907 270 2972; x_wconf 88' lang='lat' dir='ltr'>dicit</span> <span class='ocrx_word' id='word_1_195' title='bbox 296 2907 414 2971; x_wconf 88' lang='lat' dir='ltr'>nullam</span> <span class='ocrx_word' id='word_1_196' title='bbox 441 2924 510 2973; x_wconf 90' lang='lat' dir='ltr'>esse</span> <span class='ocrx_word' id='word_1_197' title='bbox 532 2925 692 2986; x_wconf 87' lang='lat' dir='ltr'>caussam,</span> <span class='ocrx_word' id='word_1_198' title='bbox 722 2925 778 2972; x_wconf 88' lang='lat' dir='ltr'>cur</span> <span class='ocrx_word' id='word_1_199' title='bbox 800 2906 940 2972; x_wconf 88' lang='lat' dir='ltr'>scholion</span> <span class='ocrx_word' id='word_1_200' title='bbox 962 2908 1003 2972; x_wconf 88' lang='lat' dir='ltr'>ad</span> <span class='ocrx_word' id='word_1_201' title='bbox 1026 2897 1136 2974; x_wconf 72' lang='lat' dir='ltr'>Atto</span> <span class='ocrx_word' id='word_1_202' title='bbox 1155 2909 1330 2996; x_wconf 83' lang='lat' dir='ltr'>Aristarchi</span> <span class='ocrx_word' id='word_1_203' title='bbox 1351 2929 1420 2977; x_wconf 88' lang='lat' dir='ltr'>esse</span> 
     </span>
     <span class='ocr_line' id='line_1_24' title="bbox 195 3016 1420 3106; baseline 0.006 -25"><span class='ocrx_word' id='word_1_204' title='bbox 195 3021 370 3095; x_wconf 89' lang='lat' dir='ltr'>censeatur,</span> <span class='ocrx_word' id='word_1_205' title='bbox 387 3017 563 3098; x_wconf 86' lang='lat' dir='ltr'>philologus</span> <span class='ocrx_word' id='word_1_206' title='bbox 582 3016 710 3099; x_wconf 87' lang='lat' dir='ltr'>quidam</span> <span class='ocrx_word' id='word_1_207' title='bbox 728 3020 836 3082; x_wconf 91' lang='lat' dir='ltr'>nostra</span> <span class='ocrx_word' id='word_1_208' title='bbox 854 3017 947 3083; x_wconf 92' lang='lat' dir='ltr'>laude</span> <span class='ocrx_word' id='word_1_209' title='bbox 962 3019 1104 3100; x_wconf 92' lang='lat' dir='ltr'>superior</span> <span class='ocrx_word' id='word_1_210' title='bbox 1119 3020 1208 3106; x_wconf 89' lang='lat' dir='ltr'>nobis</span> <span class='ocrx_word' id='word_1_211' title='bbox 1224 3020 1420 3087; x_wconf 88' lang='lat' dir='ltr'>auditoribus</span> 
     </span>
     <span class='ocr_line' id='line_1_25' title="bbox 194 3126 1420 3221; baseline 0.006 -31"><span class='ocrx_word' id='word_1_212' title='bbox 194 3126 300 3191; x_wconf 89' lang='lat' dir='ltr'>multis</span> <span class='ocrx_word' id='word_1_213' title='bbox 323 3127 430 3207; x_wconf 90' lang='lat' dir='ltr'>eisque</span> <span class='ocrx_word' id='word_1_214' title='bbox 459 3126 628 3208; x_wconf 88' lang='lat' dir='ltr'>aptissimis</span> <span class='ocrx_word' id='word_1_215' title='bbox 651 3128 865 3207; x_wconf 86' lang='lat' dir='ltr'>argumentis,</span> <span class='ocrx_word' id='word_1_216' title='bbox 894 3145 975 3221; x_wconf 77' lang='lat' dir='ltr'>quae</span> <span class='ocrx_word' id='word_1_217' title='bbox 996 3127 1047 3194; x_wconf 92' lang='lat' dir='ltr'>hic</span> <span class='ocrx_word' id='word_1_218' title='bbox 1069 3128 1192 3195; x_wconf 89' lang='lat' dir='ltr'>adferre</span> <span class='ocrx_word' id='word_1_219' title='bbox 1214 3129 1340 3212; x_wconf 89' lang='lat' dir='ltr'>longum</span> <span class='ocrx_word' id='word_1_220' title='bbox 1362 3135 1420 3211; x_wconf 87' lang='lat' dir='ltr'>est,</span> 
     </span>
     <span class='ocr_line' id='line_1_26' title="bbox 194 3235 1421 3321; baseline 0.004 -19"><span class='ocrx_word' id='word_1_221' title='bbox 194 3237 227 3302; x_wconf 93' lang='lat' dir='ltr'>id</span> <span class='ocrx_word' id='word_1_222' title='bbox 254 3236 406 3302; x_wconf 88' lang='lat' dir='ltr'>scholium</span> <span class='ocrx_word' id='word_1_223' title='bbox 423 3235 596 3302; x_wconf 85' lang='lat' dir='ltr'>Aristarchi</span> <span class='ocrx_word' id='word_1_224' title='bbox 624 3255 693 3302; x_wconf 89' lang='lat' dir='ltr'>esse</span> <span class='ocrx_word' id='word_1_225' title='bbox 727 3237 894 3318; x_wconf 89' lang='lat' dir='ltr'>persuasit.</span> <span class='ocrx_word' id='word_1_226' title='bbox 941 3257 1022 3321; x_wconf 92' lang='lat' dir='ltr'>quae</span> <span class='ocrx_word' id='word_1_227' title='bbox 1051 3238 1177 3318; x_wconf 88' lang='lat' dir='ltr'>quidem</span> <span class='ocrx_word' id='word_1_228' title='bbox 1209 3240 1293 3306; x_wconf 89' lang='lat' dir='ltr'>illius</span> <span class='ocrx_word' id='word_1_229' title='bbox 1315 3241 1421 3307; x_wconf 89' lang='lat' dir='ltr'>nostri</span> 
     </span>
     <span class='ocr_line' id='line_1_27' title="bbox 195 3347 1421 3431; baseline 0.003 -19"><span class='ocrx_word' id='word_1_230' title='bbox 195 3347 331 3413; x_wconf 87' lang='lat' dir='ltr'>auctoris</span> <span class='ocrx_word' id='word_1_231' title='bbox 360 3348 515 3414; x_wconf 85' lang='lat' dir='ltr'>sententia</span> <span class='ocrx_word' id='word_1_232' title='bbox 547 3352 654 3431; x_wconf 90' lang='lat' dir='ltr'>aperte</span> <span class='ocrx_word' id='word_1_233' title='bbox 683 3348 917 3413; x_wconf 87' lang='lat' dir='ltr'>demonstratur</span> <span class='ocrx_word' id='word_1_234' title='bbox 939 3347 1007 3430; x_wconf 88' lang='lat' dir='ltr'>ipso</span> <span class='ocrx_word' id='word_1_235' title='bbox 1030 3349 1147 3414; x_wconf 87' lang='lat' dir='ltr'>scholio</span> <span class='ocrx_word' id='word_1_236' title='bbox 1170 3369 1208 3416; x_wconf 86' lang='lat' dir='ltr'>ex</span> <span class='ocrx_word' id='word_1_237' title='bbox 1231 3351 1318 3416; x_wconf 90' lang='lat' dir='ltr'>codd.</span> <span class='ocrx_word' id='word_1_238' title='bbox 1338 3351 1421 3416; x_wconf 86' lang='lat' dir='ltr'>BLV</span> 
     </span>
     <span class='ocr_line' id='line_1_28' title="bbox 194 3455 1417 3544; baseline 0.001 -22"><span class='ocrx_word' id='word_1_239' title='bbox 194 3459 293 3539; x_wconf 82' lang='lat' dir='ltr'>petito</span> <span class='ocrx_word' id='word_1_240' title='bbox 320 3457 415 3524; x_wconf 82' lang='lat' dir='ltr'>hose:</span> <span class='ocrx_word' id='word_1_241' title='bbox 447 3455 466 3544; x_wconf 69' lang='grc' dir='ltr'><em>ἢ</em></span> <span class='ocrx_word' id='word_1_242' title='bbox 490 3456 643 3544; x_wconf 74' lang='grc' dir='ltr'><em>πρόληῴίς</em></span> <span class='ocrx_word' id='word_1_243' title='bbox 673 3456 754 3520; x_wconf 79' lang='grc' dir='ltr'><em>ἐστιν</em></span> <span class='ocrx_word' id='word_1_244' title='bbox 776 3455 796 3544; x_wconf 68' lang='grc' dir='ltr'><strong><em>ἡ</em></strong></span> <span class='ocrx_word' id='word_1_245' title='bbox 820 3457 901 3527; x_wconf 87' lang='grc' dir='ltr'><em>είκὸς</em></span> <span class='ocrx_word' id='word_1_246' title='bbox 921 3457 998 3520; x_wconf 85' lang='grc' dir='ltr'><em>κατὰ</em></span> <span class='ocrx_word' id='word_1_247' title='bbox 1020 3459 1055 3521; x_wconf 81' lang='grc' dir='ltr'>τὸ</span> <span class='ocrx_word' id='word_1_248' title='bbox 1079 3459 1282 3542; x_wconf 77' lang='grc' dir='ltr'><em>σιωπώμενον</em></span> <span class='ocrx_word' id='word_1_249' title='bbox 1305 3461 1352 3522; x_wconf 79' lang='grc' dir='ltr'>καὶ</span> <span class='ocrx_word' id='word_1_250' title='bbox 1375 3459 1417 3522; x_wconf 81' lang='grc' dir='ltr'>ἐκ·</span> 
     </span>
     <span class='ocr_line' id='line_1_29' title="bbox 195 3566 1420 3656; baseline 0.002 -26"><span class='ocrx_word' id='word_1_251' title='bbox 195 3566 319 3654; x_wconf 73' lang='grc' dir='ltr'><em>κλησίαν</em></span> <span class='ocrx_word' id='word_1_252' title='bbox 343 3569 391 3630; x_wconf 79' lang='grc' dir='ltr'>καὶ</span> <span class='ocrx_word' id='word_1_253' title='bbox 416 3566 550 3651; x_wconf 83' lang='grc' dir='ltr'><em>πόλεμον</em></span> <span class='ocrx_word' id='word_1_254' title='bbox 574 3569 656 3652; x_wconf 85' lang='grc' dir='ltr'><em>πρὸς</em></span> <span class='ocrx_word' id='word_1_255' title='bbox 677 3567 749 3637; x_wconf 82' lang='grc' dir='ltr'><em>τοὺς</em></span> <span class='ocrx_word' id='word_1_256' title='bbox 771 3566 946 3651; x_wconf 81' lang='grc' dir='ltr'><em>περιοίκους</em></span> <span class='ocrx_word' id='word_1_257' title='bbox 962 3566 1120 3650; x_wconf 74' lang='grc' dir='ltr'><em>γενέσθαι,</em></span> <span class='ocrx_word' id='word_1_258' title='bbox 1142 3567 1194 3654; x_wconf 81' lang='grc' dir='ltr'>ἐφ’</span> <span class='ocrx_word' id='word_1_259' title='bbox 1213 3569 1346 3656; x_wconf 75' lang='grc' dir='ltr'><em>ἑκοίστγς</em></span> <span class='ocrx_word' id='word_1_260' title='bbox 1360 3569 1420 3654; x_wconf 87' lang='grc' dir='ltr'>γὰρ</span> 
     </span>
     <span class='ocr_line' id='line_1_30' title="bbox 195 3674 1422 3767; baseline 0.002 -27"><span class='ocrx_word' id='word_1_261' title='bbox 195 3679 352 3765; x_wconf 79' lang='grc' dir='ltr'><em>συνῄεσαν</em></span> <span class='ocrx_word' id='word_1_262' title='bbox 382 3678 440 3765; x_wconf 79' lang='grc' dir='ltr'>νηί</span> <span class='ocrx_word' id='word_1_263' title='bbox 471 3677 578 3762; x_wconf 83' lang='grc' dir='ltr'><em>παρὰ</em></span> <span class='ocrx_word' id='word_1_264' title='bbox 606 3677 759 3764; x_wconf 74' lang='grc' dir='ltr'><em>πρύμνῃ</em></span> <span class='ocrx_word' id='word_1_265' title='bbox 779 3674 1067 3762; x_wconf 79' lang='grc' dir='ltr'><em>Ἀγαμέμνονος.</em></span> <span class='ocrx_word' id='word_1_266' title='bbox 1105 3677 1198 3748; x_wconf 77' lang='grc' dir='ltr'><em>αὐτὸς</em></span> <span class='ocrx_word' id='word_1_267' title='bbox 1220 3677 1310 3767; x_wconf 74' lang='grc' dir='ltr'>δὲῆν</span> <span class='ocrx_word' id='word_1_268' title='bbox 1333 3679 1350 3740; x_wconf 78' lang='grc' dir='ltr'><strong>ὁ</strong></span> <span class='ocrx_word' id='word_1_269' title='bbox 1373 3677 1422 3742; x_wconf 79' lang='grc' dir='ltr'>ἐπὶ</span> 
     </span>
     <span class='ocr_line' id='line_1_31' title="bbox 195 3784 1420 3874; baseline 0 -22"><span class='ocrx_word' id='word_1_270' title='bbox 195 3788 270 3859; x_wconf 80' lang='grc' dir='ltr'><em>τοὺς</em></span> <span class='ocrx_word' id='word_1_271' title='bbox 297 3788 464 3872; x_wconf 81' lang='grc' dir='ltr'><em>πολεμίους</em></span> <span class='ocrx_word' id='word_1_272' title='bbox 491 3786 629 3870; x_wconf 80' lang='grc' dir='ltr'><em>ἐξάγων,</em></span> <span class='ocrx_word' id='word_1_273' title='bbox 660 3787 740 3874; x_wconf 70' lang='grc' dir='ltr'><em>ὓπερ</em></span> <span class='ocrx_word' id='word_1_274' title='bbox 770 3791 822 3850; x_wconf 85' lang='grc' dir='ltr'>νῦν</span> <span class='ocrx_word' id='word_1_275' title='bbox 852 3787 908 3850; x_wconf 81' lang='grc' dir='ltr'>οὐκ</span> <span class='ocrx_word' id='word_1_276' title='bbox 934 3787 1037 3852; x_wconf 80' lang='grc' dir='ltr'><strong><em>ἐποίει.</em></strong></span> <span class='ocrx_word' id='word_1_277' title='bbox 1073 3784 1111 3852; x_wconf 77' lang='grc' dir='ltr'>εὖ</span> <span class='ocrx_word' id='word_1_278' title='bbox 1131 3788 1167 3852; x_wconf 75' lang='grc' dir='ltr'>δὲ</span> <span class='ocrx_word' id='word_1_279' title='bbox 1189 3792 1251 3851; x_wconf 82' lang='grc' dir='ltr'>τῶν</span> <span class='ocrx_word' id='word_1_280' title='bbox 1273 3788 1420 3871; x_wconf 85' lang='grc' dir='ltr'><em>γενναίαν</em></span> 
     </span>
     <span class='ocr_line' id='line_1_32' title="bbox 196 3897 1474 3989; baseline -0.002 -24"><span class='ocrx_word' id='word_1_281' title='bbox 196 3903 304 3989; x_wconf 65' lang='grc' dir='ltr'><em>φυγῶν</em></span> <span class='ocrx_word' id='word_1_282' title='bbox 327 3897 454 3984; x_wconf 70' lang='grc' dir='ltr'><em>φθορὰς</em></span> <span class='ocrx_word' id='word_1_283' title='bbox 477 3898 542 3963; x_wconf 83' lang='grc' dir='ltr'><em>εἶπε</em></span> <span class='ocrx_word' id='word_1_284' title='bbox 565 3901 619 3987; x_wconf 73' lang='grc' dir='ltr'>τὴν</span> <span class='ocrx_word' id='word_1_285' title='bbox 643 3898 761 3987; x_wconf 82' lang='grc' dir='ltr'><em>ἀργίαν.</em></span> <span class='ocrx_word' id='word_1_286' title='bbox 801 3900 865 3968; x_wconf 82' lang='grc' dir='ltr'><em>τοῖς</em></span> <span class='ocrx_word' id='word_1_287' title='bbox 887 3902 1063 3984; x_wconf 80' lang='grc' dir='ltr'><em>πρακτικοῖς</em></span> <span class='ocrx_word' id='word_1_288' title='bbox 1084 3900 1144 3986; x_wconf 86' lang='grc' dir='ltr'>γὰρ</span> <span class='ocrx_word' id='word_1_289' title='bbox 1167 3899 1297 3987; x_wconf 69' lang='grc' dir='ltr'><em>ἣάργία</em></span> <span class='ocrx_word' id='word_1_290' title='bbox 1312 3897 1424 3985; x_wconf 75' lang='grc' dir='ltr'><em>φθοραί</em></span> <span class='ocrx_word' id='word_1_291' title='bbox 1472 3959 1474 3962; x_wconf 87' lang='grc'>.</span> 
     </span>
     <span class='ocr_line' id='line_1_33' title="bbox 195 4007 1420 4098; baseline 0 -26"><span class='ocrx_word' id='word_1_292' title='bbox 195 4009 278 4074; x_wconf 82' lang='grc' dir='ltr'><em>ἐστιν</em></span> <span class='ocrx_word' id='word_1_293' title='bbox 300 4011 351 4072; x_wconf 78' lang='grc' dir='ltr'>καὶ</span> <span class='ocrx_word' id='word_1_294' title='bbox 372 4010 477 4073; x_wconf 81' lang='grc' dir='ltr'><em>κεῖτο</em></span> <span class='ocrx_word' id='word_1_295' title='bbox 500 4009 573 4096; x_wconf 83' lang='grc' dir='ltr'>γὰρ</span> <span class='ocrx_word' id='word_1_296' title='bbox 596 4008 636 4073; x_wconf 79' lang='grc' dir='ltr'>ἐν</span> <span class='ocrx_word' id='word_1_297' title='bbox 660 4010 819 4098; x_wconf 70' lang='grc' dir='ltr'><em>νήεσσιν</em></span> <span class='ocrx_word' id='word_1_298' title='bbox 842 4010 981 4096; x_wconf 78' lang='grc' dir='ltr'><em>ρηοὶκαὶ</em></span> <span class='ocrx_word' id='word_1_299' title='bbox 1002 4011 1129 4073; x_wconf 82' lang='grc' dir='ltr'><em>κεῖται</em></span> <span class='ocrx_word' id='word_1_300' title='bbox 1151 4007 1420 4096; x_wconf 73' lang='grc' dir='ltr'><em>ἀπομηνίσας,</em></span> 
     </span>
    </p>

    <p class='ocr_par' dir='ltr' id='par_1_3' title="bbox 195 4117 1422 4207">
     <span class='ocr_line' id='line_1_34' title="bbox 195 4117 1422 4207; baseline 0.001 -23"><span class='ocrx_word' id='word_1_301' title='bbox 195 4120 247 4185; x_wconf 90' lang='lat' dir='ltr'>cui</span> <span class='ocrx_word' id='word_1_302' title='bbox 268 4119 386 4186; x_wconf 89' lang='lat' dir='ltr'>scholio</span> <span class='ocrx_word' id='word_1_303' title='bbox 411 4119 545 4186; x_wconf 88' lang='lat' dir='ltr'>alterurn</span> <span class='ocrx_word' id='word_1_304' title='bbox 567 4119 701 4185; x_wconf 83' lang='lat' dir='ltr'>adsedet</span> <span class='ocrx_word' id='word_1_305' title='bbox 724 4124 848 4201; x_wconf 89' lang='lat' dir='ltr'>oportet</span> <span class='ocrx_word' id='word_1_306' title='bbox 869 4120 901 4184; x_wconf 93' lang='lat' dir='ltr'>in</span> <span class='ocrx_word' id='word_1_307' title='bbox 920 4121 948 4184; x_wconf 89' lang='lat' dir='ltr'>A</span> <span class='ocrx_word' id='word_1_308' title='bbox 970 4119 1161 4201; x_wconf 89' lang='lat' dir='ltr'>adscriptum</span> <span class='ocrx_word' id='word_1_309' title='bbox 1183 4120 1275 4185; x_wconf 87' lang='lat' dir='ltr'>boae:</span> <span class='ocrx_word' id='word_1_310' title='bbox 1306 4117 1422 4207; x_wconf 72' lang='grc' dir='ltr'><em>ἐχθρὸς</em></span> 
     </span>
    </p>

    <p class='ocr_par' dir='ltr' id='par_1_4' title="bbox 195 4213 1421 4317">
     <span class='ocr_line' id='line_1_35' title="bbox 195 4227 1421 4317; baseline 0.003 -27"><span class='ocrx_word' id='word_1_311' title='bbox 195 4229 258 4314; x_wconf 86' lang='grc' dir='ltr'>γὰρ</span> <span class='ocrx_word' id='word_1_312' title='bbox 283 4230 337 4316; x_wconf 67' lang='grc' dir='ltr'>τὴς</span> <span class='ocrx_word' id='word_1_313' title='bbox 359 4227 471 4315; x_wconf 86' lang='grc' dir='ltr'><em>ἀργίας</em></span> <span class='ocrx_word' id='word_1_314' title='bbox 491 4231 509 4292; x_wconf 77' lang='grc' dir='ltr'><em>ὁ</em></span> <span class='ocrx_word' id='word_1_315' title='bbox 531 4231 629 4317; x_wconf 76' lang='grc' dir='ltr'><em>ἥρως,</em></span> <span class='ocrx_word' id='word_1_316' title='bbox 653 4229 812 4313; x_wconf 79' lang='grc' dir='ltr'><em>φιλότιμος</em></span> <span class='ocrx_word' id='word_1_317' title='bbox 827 4228 863 4291; x_wconf 79' lang='grc' dir='ltr'>δὲ</span> <span class='ocrx_word' id='word_1_318' title='bbox 879 4230 948 4312; x_wconf 79' lang='grc' dir='ltr'><em>περὶ</em></span> <span class='ocrx_word' id='word_1_319' title='bbox 964 4229 1019 4297; x_wconf 84' lang='grc' dir='ltr'>τὰς</span> <span class='ocrx_word' id='word_1_320' title='bbox 1034 4230 1172 4315; x_wconf 82' lang='grc' dir='ltr'><em>πράξεις.</em></span> <span class='ocrx_word' id='word_1_321' title='bbox 1205 4229 1319 4309; x_wconf 83' lang='lat' dir='ltr'>quibus</span> <span class='ocrx_word' id='word_1_322' title='bbox 1333 4230 1421 4294; x_wconf 86' lang='lat' dir='ltr'>scho-</span> 
     </span>
    </p>

    <p class='ocr_par' dir='ltr' id='par_1_5' title="bbox 195 4338 1420 4420">
     <span class='ocr_line' id='line_1_36' title="bbox 195 4338 1420 4420; baseline -0.001 -17"><span class='ocrx_word' id='word_1_323' title='bbox 195 4339 245 4404; x_wconf 88' lang='lat' dir='ltr'>liis</span> <span class='ocrx_word' id='word_1_324' title='bbox 268 4356 447 4420; x_wconf 87' lang='lat' dir='ltr'>quanquam</span> <span class='ocrx_word' id='word_1_325' title='bbox 469 4339 602 4405; x_wconf 85' lang='lat' dir='ltr'>fortasse</span> <span class='ocrx_word' id='word_1_326' title='bbox 624 4358 686 4404; x_wconf 94' lang='lat' dir='ltr'>non</span> <span class='ocrx_word' id='word_1_327' title='bbox 709 4339 867 4419; x_wconf 89' lang='lat' dir='ltr'>ipsissima</span> <span class='ocrx_word' id='word_1_328' title='bbox 888 4338 984 4404; x_wconf 90' lang='lat' dir='ltr'>verba</span> <span class='ocrx_word' id='word_1_329' title='bbox 1013 4343 1118 4403; x_wconf 86' lang='lat' dir='ltr'>tamen</span> <span class='ocrx_word' id='word_1_330' title='bbox 1141 4343 1276 4404; x_wconf 87' lang='lat' dir='ltr'>mentem</span> <span class='ocrx_word' id='word_1_331' title='bbox 1298 4343 1331 4403; x_wconf 92' lang='lat' dir='ltr'>et</span> <span class='ocrx_word' id='word_1_332' title='bbox 1352 4356 1420 4404; x_wconf 89' lang='lat' dir='ltr'>sen-</span> 
     </span>
    </p>

    <p class='ocr_par' dir='ltr' id='par_1_6' title="bbox 196 4448 1419 4530">
     <span class='ocr_line' id='line_1_37' title="bbox 196 4448 1419 4530; baseline -0.002 -16"><span class='ocrx_word' id='word_1_333' title='bbox 196 4448 328 4514; x_wconf 88' lang='lat' dir='ltr'>tentiam</span> <span class='ocrx_word' id='word_1_334' title='bbox 348 4449 522 4514; x_wconf 85' lang='lat' dir='ltr'>Aristarchi</span> <span class='ocrx_word' id='word_1_335' title='bbox 544 4453 722 4524; x_wconf 89' lang='lat' dir='ltr'>contentam</span> <span class='ocrx_word' id='word_1_336' title='bbox 744 4466 814 4514; x_wconf 88' lang='lat' dir='ltr'>esse</span> <span class='ocrx_word' id='word_1_337' title='bbox 835 4467 873 4514; x_wconf 84' lang='lat' dir='ltr'>ex</span> <span class='ocrx_word' id='word_1_338' title='bbox 894 4453 963 4514; x_wconf 88' lang='lat' dir='ltr'>tota</span> <span class='ocrx_word' id='word_1_339' title='bbox 984 4449 1255 4530; x_wconf 89' lang='lat' dir='ltr'>argumentatione</span> <span class='ocrx_word' id='word_1_340' title='bbox 1276 4448 1419 4512; x_wconf 89' lang='lat' dir='ltr'>omnibus</span> 
     </span>
    </p>

    <p class='ocr_par' dir='ltr' id='par_1_7' title="bbox 201 4541 1450 4643">
     <span class='ocr_line' id='line_1_38' title="bbox 201 4541 1450 4643; baseline 0.001 -20"><span class='ocrx_word' id='word_1_341' title='bbox 201 4560 338 4643; x_wconf 87' lang='lat' dir='ltr'>patebit,</span> <span class='ocrx_word' id='word_1_342' title='bbox 368 4558 423 4640; x_wconf 90' lang='lat' dir='ltr'>qui</span> <span class='ocrx_word' id='word_1_343' title='bbox 444 4562 531 4625; x_wconf 89' lang='lat' dir='ltr'>recta</span> <span class='ocrx_word' id='word_1_344' title='bbox 552 4563 656 4625; x_wconf 89' lang='lat' dir='ltr'>mente</span> <span class='ocrx_word' id='word_1_345' title='bbox 678 4563 819 4625; x_wconf 89' lang='lat' dir='ltr'>utuntur.</span> <span class='ocrx_word' id='word_1_346' title='bbox 852 4559 914 4624; x_wconf 84' lang='lat' dir='ltr'>iarn</span> <span class='ocrx_word' id='word_1_347' title='bbox 937 4577 1010 4625; x_wconf 88' lang='lat' dir='ltr'>vero</span> <span class='ocrx_word' id='word_1_348' title='bbox 1033 4578 1104 4626; x_wconf 88' lang='lat' dir='ltr'>cum</span> <span class='ocrx_word' id='word_1_349' title='bbox 1125 4560 1216 4641; x_wconf 90' lang='lat' dir='ltr'>plura</span> <span class='ocrx_word' id='word_1_350' title='bbox 1238 4559 1278 4625; x_wconf 88' lang='lat' dir='ltr'>de</span> <span class='ocrx_word' id='word_1_351' title='bbox 1299 4563 1418 4625; x_wconf 85' lang='lat' dir='ltr'>senten·</span> <span class='ocrx_word' id='word_1_352' title='bbox 1448 4541 1450 4544; x_wconf 33' lang='lat'>⁵</span> 
     </span>
    </p>
   </div>
   <div class='ocr_carea' id='block_1_3' title="bbox 0 0 1740 5370">
    <p class='ocr_par' dir='ltr' id='par_1_8' title="bbox 0 0 1740 5370">
     <span class='ocr_line' id='line_1_39' title="bbox 0 0 1740 5370; baseline 0 0"><span class='ocrx_word' id='word_1_353' title='bbox 0 0 1740 5370; x_wconf 95' lang='lat' dir='ltr'> </span> 
     </span>
    </p>
   </div>
  </div>
 </body>
</html>
