3460 5370
716 413 928 474 ..27-

211 595 288 662 serit
310 593 412 660 nullas
434 593 545 662 adfert.
579 595 635 660 sed
658 593 822 675 hocloco,
844 613 884 660 ne
907 595 982 675 quid
1005 596 1308 680 praemittamus,
1339 598 1434 665 etiam

209 709 295 772 recte
318 705 485 772 adversum
506 705 721 771 Duentzerum
742 705 792 770 his
814 705 917 772 uerbis
941 704 1094 789 disputat:
1118 706 1174 773 sed
1196 707 1228 774 in
1251 726 1289 775 ea
1310 727 1345 775 re
1366 708 1452 777 uiro.

210 815 389 883 doctissimo
418 815 568 881 adsentiri
594 834 657 882 non
678 832 822 896 possum,
853 814 938 895 quod
959 815 1019 882 hoc
1040 815 1192 899 prooemio
1215 817 1358 900 praeludi
1379 836 1434 901 pu·
1459 845 1462 850 ·

211 927 291 992 tavit
311 924 445 1008 longiori
467 927 611 1006 carmini,
634 943 697 1007 quo
719 944 781 992 non
804 923 904 991 solum
926 925 974 991 ira
992 925 1122 992 Achillis
1145 932 1253 994 contra
1271 930 1433 1011 Agamem-

214 1055 327 1103 nonem
350 1039 499 1119 concepta
522 1036 651 1118 eiusque
673 1036 761 1118 origo
783 1039 920 1104 tractata
943 1037 999 1118 sit,
1027 1036 1084 1103 sed
1106 1037 1200 1104 etiam
1222 1037 1435 1106 funestissima

210 1147 294 1211 mala
314 1138 387 1211 iude
410 1145 542 1211 oriunda
567 1151 695 1212 narrata
717 1143 843 1214 luerint.
878 1151 964 1216 recte
985 1147 1045 1214 ille.
1083 1166 1245 1215 versamur
1267 1150 1349 1216 euim
1371 1136 1433 1217 uon

211 1256 245 1322 in
259 1255 367 1321 iliadis
386 1256 547 1339 prooemio,
570 1256 678 1322 sedin
702 1257 794 1340 primi
816 1263 849 1324 et
871 1256 1038 1340 singularis
1062 1258 1217 1325 carminis.
1251 1279 1345 1343 quam
1367 1278 1436 1328 sen·

211 1367 343 1432 tentiam
371 1369 456 1432 recte
483 1368 545 1432 iam
573 1367 705 1450 protulit
733 1369 765 1434 in
793 1367 846 1436 illo
876 1368 1045 1436 lectionum
1072 1369 1174 1436 indice
1200 1370 1357 1439 Naeckius
1385 1372 1435 1439 his

214 1477 319 1544 verbis
341 1494 433 1542 usus:
456 1476 534 1542 illud
557 1496 618 1544 uon
641 1479 803 1562 perspicio,
828 1499 889 1562 quo
912 1480 982 1547 iure
997 1497 1104 1546 omues
1118 1481 1178 1546 hoo
1193 1479 1296 1548 dicere
1311 1487 1436 1565 podiam

212 1587 343 1653 credant
364 1606 399 1652 se
420 1591 628 1654 tractaturum
651 1607 721 1654 esse
743 1590 804 1656 ista
826 1607 908 1672 quae
929 1608 990 1656 vss.
1010 1595 1105 1656 2-5
1121 1589 1300 1658 indicantur
1320 1593 1434 1659 omnia.

215 1698 311 1787 Μῇνιν
333 1697 507 1782 pollicetur.
538 1698 622 1781 quod
647 1705 866 1782 argumentum
882 1719 976 1784 quarn
992 1719 1088 1792 grave
1103 1701 1154 1783 sit,
1176 1701 1335 1784 aptissime
1350 1722 1436 1770 mon·

215 1815 295 1876 strat
317 1828 355 1876 ex
378 1809 505 1874 effectu:
528 1809 707 1898 οὐλομένην,
730 1813 749 1900 ᾖ
769 1811 861 1899 μυρί’
876 1817 909 1880 et
930 1825 1011 1897 quae
1026 1817 1191 1890 secuntur.
1225 1817 1291 1879 tum
1306 1817 1434 1881 versut

214 1921 317 2006 pergit
338 1921 379 1987 ad
402 1939 494 1987 suum
509 1922 569 1987 sibi
583 1923 744 2006 proprium
760 1928 979 2006 argumentum
995 1941 1029 1990 se
1044 1941 1267 1991 conversurus:
1291 1922 1329 1998 ἐξ
1341 1922 1378 1988 οὔ
1395 1924 1434 2014 a)

213 2032 250 2097 τὰ
280 2036 390 2119 πρῶτον
413 2037 471 2100 eto.
500 2032 612 2100 deinde
642 2029 821 2117 Koechlyus
850 2054 980 2119 prorsus
1008 2053 1137 2102 securus
1168 2036 1207 2102 de
1228 2035 1374 2104 instituta
1395 2037 1435 2104 ab

210 2145 280 2227 ipso
300 2162 447 2210 versuum
468 2143 594 2211 illorum
616 2163 654 2210 ex
676 2163 733 2211 suo
756 2165 874 2212 conexu
896 2147 928 2211 in
950 2146 1046 2212 alium
1069 2147 1313 2231 transpositione
1334 2167 1436 2232 noque

211 2256 411 2322 Lachmannc
431 2257 510 2322 tales
530 2256 670 2322 locorum
690 2257 969 2348 transmutationes
986 2256 1060 2323 solis
1079 2256 1111 2322 in
1128 2257 1317 2325 carminibus
1334 2244 1436 2341 paral·

212 2365 280 2432 lelis
309 2365 412 2432 locum
434 2366 550 2433 habere
571 2367 723 2433 iudicanti
738 2365 823 2452 (pag.
837 2373 891 2447 30)
909 2367 1043 2436 confisus
1058 2386 1167 2436 versus
1182 2372 1255 2449 488,
1278 2372 1435 2452 aso-92,

213 2495 290 2559 quos
306 2476 429 2560 egregie
450 2478 491 2544 ad
512 2479 740 2560 conclusionem
757 2479 902 2546 carminis
922 2477 1022 2545 factos
1038 2497 1107 2546 esse
1123 2479 1336 2563 Dueutzerum
1351 2485 1437 2548 recte

211 2587 406 2670 perspexisse
421 2608 484 2655 non
502 2587 580 2656 false
599 2589 684 2670 dicit,
706 2590 823 2656 arctius
841 2607 912 2657 oum
923 2590 951 2656 A
963 2595 1025 2656 348
1046 2590 1187 2657 conectit
1222 2608 1259 2656 ac
1273 2592 1436 2675 rectequi-

212 2701 282 2766 dem
305 2699 458 2768 eximendi
479 2701 523 2766 illi
539 2720 649 2768 versus
671 2705 746 2768 sunt
768 2721 806 2768 er
828 2703 973 2770 conmuni
995 2718 1090 2791 quam
1113 2701 1151 2769 dc
1166 2706 1234 2769 tota
1248 2701 1350 2782 prima
1364 2719 1435 2768 cou-

211 2810 386 2878 tiuuatione
408 2811 639 2877 concinnatoris
661 2817 746 2884 recte
762 2812 815 2879 ille
829 2812 1047 2895 pronuntiavit
1061 2811 1270 2894 damnatione,
1293 2814 1349 2880 sed
1363 2812 1437 2880 iude

210 2940 409 3005 nequaquam
438 2921 581 3004 sequitur
611 2939 664 2990 eos
694 2923 885 3006 aprincipio
908 2922 1007 3008 fuisse
1028 2922 1060 2988 in
1082 2919 1144 2988 fine
1167 2921 1312 2989 carminis
1334 2922 1435 3006 primi.

210 3037 343 3117 possunt
364 3031 446 3098 euim
469 3033 498 3098 ei
512 3050 622 3099 versus
644 3051 719 3100 sane
735 3033 861 3117 egregie
877 3030 952 3100 lacti
967 3037 999 3100 et
1014 3033 1130 3116 optime
1144 3031 1290 3114 instituti,
1313 3037 1349 3100 ut
1366 3052 1437 3116 pos-

212 3145 276 3210 sint
297 3145 373 3227 poni
394 3145 425 3208 iu
449 3145 595 3210 carminis
618 3145 714 3226 exitu,
736 3145 993 3211 aconoinuatore
1010 3162 1048 3210 ex
1063 3143 1124 3210 alio
1140 3142 1275 3225 quodam
1292 3145 1438 3226 carmine,
1546 3237 1554 3242 q

212 3256 301 3322 ouius
324 3255 465 3335 reliquae
487 3261 593 3336 partes
616 3255 843 3323 aPisistrateis
865 3254 1139 3338 concinnatoribus
1153 3253 1186 3318 iu
1202 3252 1310 3320 Iliadis
1325 3272 1438 3337 corpus

211 3366 309 3448 recipi
335 3384 397 3431 non
426 3369 574 3448 poteraut
602 3370 775 3450 posteaque
802 3365 944 3450 perditae
973 3368 1064 3446 sunt,
1093 3363 1217 3448 adrepti
1247 3382 1317 3430 esse
1337 3381 1440 3448 nequo

213 3477 341 3542 dubium
363 3475 455 3542 nobis
480 3475 614 3557 amplius
637 3481 694 3558 est,
718 3477 794 3558 quin
816 3478 861 3544 ita
883 3495 934 3542 res
949 3495 984 3542 se
999 3475 1123 3556 habeat,
1145 3491 1325 3556 quanquam
1347 3493 1439 3556 argu·

212 3585 326 3655 mentis
345 3588 404 3654 hoc
427 3587 539 3653 docere
561 3587 631 3667 quis
653 3587 771 3670 queat?
793 3588 901 3670 itaque
919 3587 951 3653 in
968 3585 1104 3652 editione
1118 3591 1227 3651 nostra
1240 3585 1348 3652 futuro
1363 3590 1438 3652 tem-

211 3717 288 3781 pore
310 3698 433 3764 edeuda
455 3698 621 3764 adversum
638 3698 831 3780 Koechlyum
854 3716 907 3764 eos
930 3715 1041 3764 versus
1063 3715 1133 3763 cum
1157 3699 1225 3762 tots
1245 3696 1346 3776 prima
1368 3715 1439 3764 cou-

212 3809 386 3876 tiuuatione
407 3808 490 3873 inter
506 3807 721 3876 additamenta
739 3808 997 3875 Pisistrateorum
1016 3808 1139 3874 demum
1156 3812 1261 3874 aetate
1276 3807 1317 3874 ad
1331 3803 1439 3874 Iliadis

211 3938 324 4002 corpus
347 3919 600 3986 constituendum
624 3924 680 3985 aut
695 3939 732 3987 ex
751 3918 983 4001 aliisgenuiuis
1002 3918 1191 3986 carminibus
1209 3936 1293 3985 nuuc
1307 3919 1439 4000 perditis

211 4032 343 4113 adrepta
365 4035 421 4096 aut
436 4049 473 4098 cx
495 4031 637 4112 ipsorum
653 4031 908 4096 concinnatorum
924 4029 1056 4112 ingeniis
1072 4033 1142 4095 orta
1157 4033 1189 4096 et
1207 4029 1240 4094 in
1257 4029 1343 4097 locos
1361 4049 1440 4113 quos

211 4160 293 4208 nuuc
315 4145 423 4208 tenent
453 4142 575 4206 intrusa
603 4141 772 4207 abiecimus
794 4159 896 4224 neque
919 4141 1010 4206 aliter
1031 4140 1193 4223 posuimus
1216 4139 1347 4231 alteram
1369 4159 1440 4207 con-

212 4253 426 4333 tinuationem,
444 4270 624 4335 quanquam
639 4257 741 4318 ortam
757 4253 797 4318 ab
813 4252 939 4320 scholae
949 4250 1135 4317 Homericae
1147 4251 1245 4317 aoedo
1257 4250 1439 4334 posteriore.

212 4382 322 4430 verum
344 4363 519 4429 enimvero
541 4368 668 4447 praeter
690 4363 770 4429 duas
792 4363 870 4429 istas
891 4365 998 4446 partes
1017 4377 1188 4442 versusque
1208 4378 1304 4443 supra
1325 4377 1439 4427 memo·

212 4479 298 4540 ratos
329 4473 413 4538 iuter
443 4471 658 4539 additamenta
681 4491 751 4538 cum
773 4473 975 4539 Lachmauno
1000 4467 1157 4538 reicienda
1179 4489 1217 4536 ex
1237 4470 1317 4536 libro
1339 4470 1439 4554 primo

212 4589 262 4650 est
282 4604 327 4654 vs.
346 4589 408 4652 430
431 4585 532 4671 prima
554 4603 627 4670 pars
651 4585 770 4653 verbis:
794 4587 848 4676 τήν
868 4586 913 4672 pio
932 4581 990 4673 βίῃ
1014 4580 1179 4653 dedecoro<
1201 4579 1351 4668 ἀπηύρων
1368 4583 1439 4652 co'n-
