3460 5370
757 462 812 500 -,
844 427 883 490 12
926 458 969 471 -
1374 401 1390 440 ¹

254 627 401 678 mensura
422 629 486 693 qua
506 611 590 695 apud
606 610 741 680 Graecos
763 611 889 678 fabulae
908 610 1054 678 heroicae
1074 611 1217 694 cognitae
1231 611 1360 680 fuerunt
1373 632 1475 696 neque

255 721 425 804 quidquam
453 722 555 803 poetis
583 721 739 806 superfuit
764 723 826 789 nisi
855 726 893 789 ut
919 721 1042 789 fabulas
1064 726 1097 789 et
1118 727 1263 790 narratas
1286 727 1318 791 et
1339 725 1475 792 creditas

254 831 396 900 versibus
424 830 619 900 includerent
648 838 680 899 et
706 833 834 899 meliore
859 850 959 917 eaque
981 832 1021 898 ad
1043 832 1212 899 tenendum
1234 833 1354 917 aptiore
1375 833 1476 902 forma

255 961 336 1030 quae
357 943 547 1027 adceperant
567 943 745 1026 redderent.
786 943 819 1009 in
841 962 879 1009 ea
899 944 997 1026 igitur
1022 962 1057 1009 re
1078 942 1190 1011 Graeci
1213 949 1245 1010 et
1267 944 1414 1011 Germani
1436 947 1476 1012 si·

255 1053 343 1121 miles
366 1058 456 1136 sunt,
481 1053 538 1120 sed
560 1059 664 1121 tamen
693 1054 867 1121 invenimus
889 1055 1007 1138 epicam
1030 1072 1138 1121 eorum
1159 1055 1344 1137 populorum
1366 1056 1475 1140 poesin

255 1169 433 1246 spectantes
459 1185 557 1232 uuum
584 1166 679 1250 idque
705 1165 782 1232 satis
807 1183 902 1247 grave
929 1164 1095 1231 discrimen
1123 1166 1205 1231 inter
1227 1167 1367 1233 carmina
1389 1169 1477 1251 apios

256 1275 341 1359 apud
369 1275 543 1343 Germanos
574 1281 701 1344 cantata
733 1281 765 1342 et
797 1276 881 1360 apud
910 1275 1047 1343 Graecos
1079 1281 1214 1343 cantata.
1259 1278 1374 1344 etenim
1405 1297 1475 1346 cum

257 1386 342 1470 apud
371 1385 509 1454 Graecos
535 1405 617 1453 unus
645 1389 768 1452 tantum
796 1386 914 1453 acedus
941 1388 973 1452 in
1003 1386 1087 1455 cenis
1115 1392 1147 1452 et
1175 1387 1323 1453 conviviis
1345 1387 1399 1471 qui
1421 1388 1476 1454 ad-

257 1500 348 1563 erant
376 1497 562 1579 delectaret,
591 1498 808 1583 antiquissima
835 1502 940 1565 aetate
968 1499 1051 1581 apud
1081 1498 1253 1565 Germanos
1284 1516 1391 1566 omncs
1420 1500 1473 1581 qni

253 1607 386 1676 aderant
414 1627 478 1675 una
506 1609 686 1676 cecinerunt
706 1627 808 1693 neque
829 1609 908 1677 fides
935 1610 980 1677 eis
1001 1609 1147 1677 habenda
1168 1613 1226 1692 est,
1249 1609 1303 1695 qui
1324 1609 1475 1695 antiquis-

253 1719 340 1786 simis
354 1721 510 1788 aetatibus
538 1721 623 1804 apud
646 1719 819 1788 Germanos
848 1720 962 1787 bardos
989 1721 1021 1786 in
1049 1719 1134 1786 cenis
1162 1725 1194 1786 et
1222 1719 1371 1786 conviviis
1397 1719 1474 1787 ceci·

254 1830 337 1897 nisse
362 1831 556 1898 arbitrantur
584 1831 722 1900 carmina
750 1831 854 1913 spica,
881 1849 1016 1914 quorum
1043 1849 1141 1897 unum
1170 1833 1314 1913 superest
1335 1849 1374 1897 ca
1396 1830 1474 1896 anti-

254 1940 422 2022 quissimae
450 1941 563 2008 aetatis
591 1938 738 2022 dialecto,
773 1959 866 2025 quam
899 1959 1045 2008 vocamus
1076 1941 1137 2007 den
1169 1939 1476 2023 althochdentschen‚

255 2053 466 2135 conpositum,
495 2071 619 2121 carmen
647 2052 793 2119 nimirum
823 2053 861 2119 de
883 2054 1090 2121 Hildibrando
1119 2059 1151 2120 et
1172 2053 1402 2135 Hadubrando‚
1433 2054 1476 2120 al·

255 2166 357 2230 terum
381 2163 413 2228 in
435 2163 573 2247 linguam
595 2163 739 2230 Latinam
761 2182 887 2231 versam
908 2183 1010 2248 nsque
1027 2169 1133 2231 tamen
1155 2164 1315 2245 antiquam
1330 2164 1393 2230 vim
1414 2183 1476 2231 non

255 2272 421 2357 profitens,
443 2292 506 2356 quo
528 2279 658 2342 narrata
679 2280 729 2341 est
746 2275 913 2342 Waltharii
933 2275 1156 2359 Aquilonensis
1180 2293 1286 2358 pugna
1308 2293 1378 2342 cum
1399 2275 1476 2342 Bur-

254 2385 414 2468 gundione
429 2385 606 2453 Gunthario
629 2386 759 2469 eiusque
779 2385 927 2453 heroibus
949 2386 981 2451 in
998 2387 1194 2470 Vogesorum
1217 2385 1369 2468 angustiis
1383 2384 1476 2468 facta,

256 2497 383 2562 tertium
398 2496 532 2579 denique
546 2497 704 2580 anglicum
718 2497 909 2579 saxonicum,
932 2497 1017 2578 quod
1031 2495 1212 2564 inscribitur
1222 2495 1371 2564 Beowuli.
1386 2496 1477 2564 bardi

256 2607 338 2674 enirn
359 2608 419 2690 illi,
446 2625 524 2690 quos
547 2607 641 2674 etiam
663 2607 764 2675 credit
784 2607 1011 2674 Holtnmannus
1034 2606 1322 2690 Heidelbergensis‚
1345 2606 1477 2690 dequo,

182 2716 186 2728 ’
256 2737 296 2786 nc
318 2697 408 2785 nobis
429 2718 489 2786 hcc
510 2718 578 2786 loco
600 2717 804 2802 repetendum
826 2718 976 2786 iudicium
999 2720 1056 2800 sit,
1084 2719 1168 2803 quod
1190 2717 1274 2800 typis
1298 2735 1478 2801 expressum

256 2829 388 2933 legitur,
417 2831 558 2914 legentes
585 2829 768 2914 ablegamus
795 2828 835 2894 ad
866 2826 1093 2896 Muellenhoidi
1120 2846 1252 2911 parvum
1274 2827 1400 2910 quidem
1422 2827 1478 2894 sed

257 2939 339 3006 veris
367 2939 532 3025 philologis
561 2940 669 3006 multis
697 2939 833 3007 millibus
863 2940 1048 3023 paginarum
1070 2943 1126 3006 aut
1147 2939 1478 3005 Holtzmannianarum

258 3054 315 3119 aut
335 3051 599 3118 Zarnclrianarum
620 3052 719 3118 multo
741 3051 951 3134 adceptiorem
973 3051 1096 3131 librum,
1120 3051 1174 3136 qni
1195 3050 1392 3118 inscribitur:
1423 3069 1480 3115 zur

257 3161 436 3246 geschichte
457 3162 514 3228 der
535 3162 711 3246 Nibelunge
732 3161 804 3244 nbi,
827 3162 918 3229 bardi
939 3162 1036 3246 igitur
1057 3160 1119 3241 illi,
1149 3166 1186 3229 ut
1207 3166 1292 3227 recte
1309 3160 1479 3228 Vilmarius

258 3292 278 3338 a
292 3272 491 3341 Lachmanno
514 3275 546 3340 in
569 3275 823 3342 adnotationibus
839 3274 881 3342 ad
895 3275 1082 3342 Hartmanni
1098 3275 1137 3343 ab
1147 3278 1216 3341 Aue
1231 3273 1393 3340 lweinium
1408 3291 1479 3339 con·

258 3384 382 3483 scriptis
392 3385 563 3452 honorifice
573 3391 822 3453 conmemoratus
833 3391 866 3453 ct
877 3384 1154 3468 Wackemagelius
1168 3385 1201 3450 in
1215 3384 1289 3450 hist.
1301 3383 1361 3449 litt.
1374 3384 1479 3450 Germ.

259 3495 465 3577 contendunt,
488 3496 615 3562 celticae
637 3500 712 3564 sunt
733 3515 795 3562 non
816 3496 1012 3580 germanicae
1034 3496 1178 3563 nationis.
1215 3494 1329 3563 deinde
1352 3494 1480 3579 Chrysis

259 3607 389 3688 eiusque
409 3605 493 3674 filiae
515 3606 710 3690 chryseidis,
733 3606 821 3674 cuins
843 3626 884 3674 ne
905 3625 1018 3674 nomen
1040 3608 1167 3693 quidem
1188 3611 1298 3674 auctor
1320 3607 1482 3672 nominare

259 3734 338 3799 opus
366 3718 472 3795 duxit,
502 3723 535 3786 et
562 3717 714 3786 Briseidis
735 3719 756 3784 i.
775 3737 802 3786 e.
826 3719 926 3785 Brisis
954 3736 1011 3785 sen
1032 3718 1134 3785 Brisei
1162 3717 1245 3784 filiae
1273 3717 1397 3784 nomina
1419 3736 1482 3783 non

218 3819 221 3824 ’
259 3831 390 3895 vocatae
411 3833 521 3897 auctor
535 3829 723 3897 mentionem
738 3829 811 3897 iecit
824 3835 975 3915 tanquam
989 3848 1192 3914 personarum
1208 3833 1362 3909 notarum,
1385 3847 1482 3910 quan-

260 3957 354 4024 quam
376 3939 452 4006 nihil
473 3941 513 4006 dc
535 3942 580 4006 cis
594 3941 685 4008 nobis
699 3946 809 4008 notum
824 3946 873 4007 est
886 3940 947 4006 nisi
961 3940 1045 4023 quod
1061 3945 1171 4005 auctor
1186 3939 1271 4006 dicit.
1305 3955 1365 4004 non
1382 3937 1480 4020 igitur

259 4071 373 4118 novum
395 4056 428 4118 et
448 4050 556 4119 fictum
577 4053 708 4134 canitur,
731 4053 786 4120 sed
801 4051 958 4134 cognitum
974 4054 1006 4115 et
1020 4049 1185 4132 adceptum
1200 4046 1350 4114 redditur.
1383 4066 1477 4130 porro

260 4162 403 4230 versibus
418 4163 563 4230 carminis
581 4167 619 4230 13
630 4181 697 4248 sqq.
721 4165 763 4241 (A
776 4168 814 4229 13
825 4162 906 4244 sqq.)
922 4163 1031 4225 auctor
1046 4163 1196 4241 tanquam
1211 4157 1355 4224 omnibus
1370 4162 1479 4225 notum

261 4273 440 4358 chryseidis
461 4278 587 4358 raptum
609 4275 745 4358 respicit.
778 4274 824 4339 ita
845 4291 879 4338 se
901 4288 1011 4354 gerere
1032 4287 1095 4335 non
1117 4269 1257 4336 licuisset
1272 4269 1395 4336 auctori
1409 4275 1483 4353 pod-

261 4389 354 4455 matis
376 4387 545 4455 multorum
574 4387 692 4454 milium
714 4403 878 4466 versuum,
907 4383 1024 4465 optime
1045 4382 1120 4447 licet
1142 4380 1263 4447 auctori
1285 4380 1389 4448 brevis
1412 4397 1485 4447 con·

261 4498 371 4582 plexus
394 4497 557 4579 carminis,
585 4498 674 4564 cuius
696 4495 933 4564 tundamentum
952 4494 1083 4579 praebet
1103 4491 1210 4559 fabula
1232 4491 1376 4559 omnibus
1396 4496 1484 4558 nota.

262 4631 357 4700 porro
379 4608 498 4694 aliquid
521 4610 592 4678 miri
613 4613 647 4677 et
667 4609 751 4677 unda
771 4607 890 4678 versari
911 4624 969 4674 nos
990 4607 1023 4673 in
1041 4605 1145 4674 brevis
1163 4602 1330 4689 conplexus
1350 4601 1487 4670 carmine
