3460 5370
828 449 1040 511 ..18-

321 630 582 698 Friedlaenderus
604 631 769 698 adscribit:
793 631 847 697 Ar.
868 635 929 696 366
953 650 1051 714 eaque
1074 631 1278 698 adnotatione
1299 633 1433 698 lectores
1455 633 1546 700 reicit

321 742 362 807 ad
377 741 499 809 Lehrsii
521 741 560 806 de
583 741 666 808 stud.
683 742 736 807 Ar.
753 741 842 807 Hom.
860 741 932 808 libri
954 759 1026 824 pag.
1045 746 1107 807 360
1127 739 1237 827 (dds),
1260 743 1292 807 in
1315 759 1378 823 qua
1400 743 1468 826 ipse
1490 742 1544 811 ille

226 853 231 862 '
321 852 488 934 Lehrsius,
515 853 594 918 alias
616 853 731 917 nimius
747 853 921 918 Aristarchi
944 852 1171 918 sententiarum
1193 851 1313 934 fautor,
1337 852 1377 920 de
1401 854 1543 921 versibus

321 961 429 1026 διὰτὸ
452 965 601 1049 περισσὸν
630 963 738 1030 eiectis
769 962 835 1046 agit
862 963 894 1027 in
924 963 1031 1046 eisque
1048 963 1267 1029 Aristarchum
1289 981 1383 1044 saepe
1407 963 1546 1044 opinioni

321 1072 488 1141 indulsisse
518 1074 668 1140 concedit.
703 1074 787 1157 quod
809 1093 884 1142 vero
906 1072 1168 1141 Friedlaenderus
1193 1075 1245 1140 hic
1267 1074 1308 1141 ad
1330 1093 1400 1140 eam
1422 1074 1545 1142 Lehrsii

321 1187 509 1253 sententiam
547 1186 681 1254 lectores
718 1191 877 1267 removet,
915 1186 1038 1252 videtur
1069 1203 1179 1251 versus
1209 1189 1269 1250 139
1303 1185 1347 1252 ibi
1380 1186 1544 1252 memorati

322 1296 476 1362 athetesin
495 1297 730 1364 Aristarcheam
761 1297 928 1379 inprobare
950 1313 1137 1379 versumque
1165 1296 1294 1378 dignum
1321 1295 1460 1362 iudicare
1489 1297 1545 1379 qui

321 1408 505 1473 retineatur.
539 1426 640 1489 neque
670 1408 732 1474 alia
760 1408 861 1474 utitur
889 1408 1046 1474 sententia
1072 1407 1248 1490 philologus
1269 1405 1336 1486 ille,
1366 1425 1459 1489 quem
1480 1407 1541 1472 iam

255 1513 257 1518 ’
322 1535 418 1599 supra
440 1519 565 1600 saepius
587 1518 785 1584 laudavimus
808 1527 917 1584 nostra
939 1517 1032 1584 laude
1055 1518 1214 1602 maiorem.
1248 1517 1441 1600 quiquidem
1457 1522 1539 1584 recte

322 1645 446 1692 versum
474 1627 658 1694 aBekkero
688 1627 769 1694 male
796 1628 953 1694 abiectum
974 1628 1102 1709 retinet,
1133 1627 1217 1710 quod
1238 1627 1317 1692 nihil
1338 1627 1428 1709 insit,
1457 1628 1541 1711 quod

322 1738 376 1820 qui
403 1739 498 1803 rectis
528 1739 626 1804 oculis
655 1738 802 1820 inspiciat
828 1739 999 1820 vituperet,
1032 1758 1134 1822 neque
1164 1738 1335 1821 quidquam
1363 1737 1452 1805 addit
1482 1739 1544 1804 nisi

321 1866 423 1931 neque
440 1849 614 1914 Aristarchi
645 1853 831 1930 argumenta
853 1849 1005 1915 eiusmodi
1027 1868 1113 1930 esse,
1142 1853 1179 1914 ut
1197 1867 1324 1915 versum
1346 1848 1471 1916 abicere
1493 1867 1543 1916 co-

321 1963 414 2041 gant,
447 1966 480 2026 et
509 1978 579 2024 eum
611 1959 806 2042 aptissimum
836 1977 919 2041 esse,
954 1978 1024 2026 cum
1042 1960 1284 2042 Agamemnonis
1314 1959 1465 2044 depingat
1493 1978 1544 2026 su·

195 2114 199 2122 ·
320 2071 461 2152 perbiam
478 2076 511 2137 et
526 2070 753 2152 adrogantiam.
775 2088 870 2151 porro
887 2069 969 2136 male
980 2071 1158 2137 Zenodotus
1170 2071 1266 2137 abicit
1277 2088 1321 2137 vs.
1337 2075 1396 2136 143
1408 2072 1450 2150 (A
1460 2071 1544 2153 143).

320 2181 475 2247 refutatus
502 2182 541 2247 ab
558 2180 740 2246 Aristarcho
768 2187 817 2247 est
842 2180 929 2246 hisce
956 2181 1076 2247 verbis:
1105 2183 1125 2268 ὴ
1156 2179 1263 2268 διπλῆ,
1292 2181 1337 2244 ὅτι
1366 2179 1545 2268 Ζηνόδοτος

322 2290 414 2354 αὐτὸν
436 2287 595 2379 biscaran·
624 2291 790 2374 ἀναγκαῖος
811 2289 847 2353 δὲ
863 2291 933 2376 περὶ
955 2295 1011 2379 τῆς
1029 2289 1206 2378 Χρυσηΐδος
1221 2291 1322 2374 λόγος·
1351 2290 1466 2378 ταύτης
1482 2289 1543 2377 γὰρ

322 2400 412 2464 ἕνεκα
444 2400 567 2483 ἐγένετο
601 2403 617 2463 6
650 2399 764 2485 λοιμός.
806 2401 923 2466 nullam
953 2401 1105 2482 adparere
1132 2402 1326 2483 probabilem
1358 2401 1425 2469 eius
1447 2402 1545 2467 Zeno·

323 2511 433 2576 doteae
464 2531 501 2578 ex
530 2512 612 2577 malo
642 2529 737 2577 sensu
763 2511 896 2577 haustae
918 2510 1096 2578 atheteseos
1119 2529 1262 2577 caussam
1283 2510 1428 2580 facillime
1450 2512 1545 2578 inter-

321 2624 405 2704 leget
437 2623 615 2705 quicunque
650 2627 752 2689 totum
777 2622 1040 2705 Agamemnoniae
1073 2622 1223 2687 orationis
1258 2639 1409 2688 conexum
1437 2639 1543 2688 secum

322 2732 517 2800 volutaverit.
550 2751 660 2799 versus
682 2734 780 2816 igitur
802 2733 984 2799 retinendus
1007 2738 1064 2798 est.
1106 2752 1209 2816 neque
1231 2732 1323 2800 aliter
1343 2734 1544 2800 iudicandum

322 2849 372 2911 est
398 2845 437 2910 de
459 2845 637 2911 Zenodotea
664 2845 800 2910 athetesi
823 2862 933 2910 versus
958 2848 1018 2910 166
1042 2845 1083 2923 (A
1103 2846 1192 2926 166),
1222 2845 1263 2910 ad
1292 2863 1386 2928 quem
1414 2863 1452 2910 ex
1473 2863 1545 2911 con·

322 2957 482 3022 mentariis
498 2957 707 3022 Aristarcheis
730 2975 792 3022 non
813 2956 944 3022 remissa
962 2954 1136 3021 Aristarchi
1159 2955 1198 3021 de
1220 2974 1314 3022 versu
1337 2955 1543 3034 antecedenti,

323 3068 412 3132 cuius
442 3068 483 3132 ad
510 3087 554 3134 vs.
575 3073 635 3135 160
664 3069 820 3135 athetesin
849 3086 996 3150 magnum
1025 3072 1073 3133 est
1099 3071 1308 3149 momentum,
1342 3067 1544 3134 adnotatione

323 3179 519 3244 Aristonicus
547 3179 714 3263 adscripsit
734 3180 847 3245 haece:
878 3179 923 3241 ὅτι
947 3177 1125 3264 Ζηνόδοτος
1145 3179 1260 3265 γράφει
1291 3180 1403 3266 τιμὴν
1426 3176 1543 3265 ἀρνύ-

320 3311 441 3372 μενος
462 3291 510 3352 καὶ
533 3291 584 3352 τὸν
607 3290 682 3377 ἑξῆς
702 3286 867 3377 dictares·
895 3287 1027 3376 ἠγνόηκε
1049 3288 1101 3365 δὲ,
1125 3290 1170 3354 ὅτι
1193 3291 1212 3377 ὴ
1235 3291 1304 3378 τιμὴ
1328 3292 1379 3352 νῦν
1403 3289 1468 3353 ἀντὶ
1490 3292 1545 3376 τῆς

323 3398 474 3485 τιμωρίας
495 3401 589 3462 κεῖται
620 3401 670 3463 καὶ
696 3399 730 3462 τὸ
760 3399 992 3484 ἄρνύμερος
1013 3398 1069 3462 οὐκ
1090 3395 1154 3463 ἔστι
1176 3399 1364 3484 λαμβάνων,
1392 3397 1455 3461 ἀλλ’
1479 3397 1545 3461 ἀντὶ

323 3511 377 3572 τοῦ
404 3508 732 3595 εἷςπραττόμενος
760 3507 844 3594 παρὰ
873 3508 1002 3593 Τρώων,
1029 3509 1070 3574 ad
1100 3510 1185 3591 quod
1206 3509 1345 3576 scholion
1370 3507 1544 3576 rectissime

323 3619 455 3686 adnotat
476 3619 753 3687 Friedlaenderus:
784 3619 919 3686 debebat
946 3620 1050 3703 potius
1079 3621 1156 3684 ἀλλὰ
1179 3622 1213 3684 τὸ
1241 3620 1457 3708 ἀρνύμενοι
1479 3617 1545 3682 ἀντὶ

322 3733 376 3794 τοῦ
407 3729 729 3816 εἷςπραττόμενοι
760 3730 845 3816 παρὰ
881 3731 1004 3818 Τρώων.
1051 3731 1090 3798 de
1113 3729 1187 3819 τιμῇ
1209 3732 1250 3797 id.
1271 3733 1336 3798 obs
1359 3731 1388 3794 P
1406 3734 1463 3810 923
1486 3728 1542 3796 cfr.

321 3844 467 3922 Ar.155,
490 3847 551 3908 365
575 3848 728 3926 (quarum
755 3843 940 3925 paginarum
970 3843 1001 3908 in
1029 3843 1131 3926 prima
1152 3841 1303 3908 Lehrsius
1333 3845 1422 3928 τιμῆς
1449 3846 1481 3906 et
1503 3862 1542 3904 τιΙ

319 3951 444 4039 μωρίας
471 3954 622 4020 vocabulo
649 3955 732 4020 nude
759 3956 999 4036 interpretatur,
1030 3954 1064 4019 in
1086 3955 1186 4019 altera
1208 3953 1247 4020 de
1269 3952 1429 4019 Zenodoto
1451 3970 1543 4019 voca·

320 4063 466 4130 bulorum
495 4064 735 4130 Homericorum
763 4082 874 4146 parum
902 4082 999 4146 gnaro
1032 4070 1065 4129 et
1096 4069 1264 4146 propterea
1296 4063 1451 4146 quaedam
1484 4082 1541 4146 pro

319 4174 452 4256 talibus,
487 4193 568 4256 quae
599 4174 724 4241 omuino
756 4157 851 4239 sensu
879 4179 1020 4254 careant,
1054 4178 1086 4240 et
1120 4173 1260 4240 ridiculis
1289 4173 1426 4241 habente
1453 4175 1542 4256 agit).

320 4284 406 4351 nulla
433 4286 564 4369 adparet
586 4285 783 4352 Zenodoteae
813 4285 990 4351 atheteseos
1013 4301 1139 4366 caussa,
1168 4290 1278 4352 contra
1300 4303 1338 4352 ea
1358 4305 1469 4353 versus
1491 4285 1544 4352 ille

320 4416 449 4480 prorsus
472 4399 668 4465 necessarius
691 4403 759 4482 est,
781 4417 854 4463 nam
877 4416 913 4463 eo
930 4397 1044 4463 omisso
1059 4417 1120 4464 non
1136 4398 1325 4479 dictumest,
1347 4396 1431 4463 unde
1446 4395 1544 4462 velint
1608 4475 1610 4482 Ι

319 4509 366 4575 illi
387 4511 473 4599 τιμὴν
496 4507 661 4595 ἄρνυσθαι,
684 4528 786 4591 neque
808 4528 869 4575 non
893 4508 1090 4575 desideratur
1109 4511 1282 4577 convicium
1299 4509 1450 4576 adversus
1461 4506 1543 4588 Aga-

320 4637 518 4688 memnonem
547 4621 606 4688 hoc
636 4619 703 4686 loco
724 4619 900 4686 necessario
916 4619 1029 4686 Achilli
1051 4620 1282 4705 proferendum.
1316 4637 1425 4686 versus
1446 4618 1543 4700 igitur
