3460 5370
701 435 895 496 -5..

186 617 311 702 quidem
351 617 505 699 carmina,
542 616 596 685 661
628 615 722 684 aliter
752 618 933 686 restituunt.
978 637 1110 702 quorum
1142 621 1302 705 praecipui
1335 628 1410 690 sunt

186 727 364 812 Koechlyus
387 733 420 797 et
433 727 632 797 Ribbeckius.
666 733 779 810 quarto
804 729 937 810 denique
959 728 992 794 in
1014 730 1123 796 ordine
1144 735 1194 798 est
1209 750 1302 815 quem
1316 735 1409 814 pauci

185 846 340 914 secuntur,
353 839 589 921 Minckwitzius,
615 839 670 921 qui
687 840 858 906 Homerum
884 844 990 906 censet
1005 841 1162 922 ingentem
1181 842 1351 910 carminum
1369 844 1408 910 16

184 953 233 1019 ira
245 949 371 1030 Achillis
392 955 425 1016 et
443 951 481 1017 de
499 952 604 1018 reditu
615 951 716 1018 Ulixis
733 969 899 1019 numerum
918 953 1119 1034 conposuisse
1139 973 1176 1020 cx
1188 953 1407 1036 eisquepauca

183 1067 306 1129 tantum
322 1065 448 1128 seruata
464 1080 541 1128 esse.
573 1062 714 1145 quintam
729 1067 888 1145 postremo
904 1063 1036 1129 classem
1055 1061 1149 1131 efficit
1167 1082 1262 1147 quem
1272 1062 1406 1131 fortasse

182 1192 273 1240 namo
296 1171 440 1256 sequitur
463 1173 525 1238 nisi
546 1172 600 1253 qui
622 1173 747 1256 ineptus
770 1177 820 1238 est
840 1177 874 1240 et
894 1173 1041 1256 indignus
1063 1174 1117 1255 qui
1135 1175 1218 1241 inter
1231 1173 1406 1258 philologos

182 1283 374 1364 numeretur,
397 1283 539 1365 Kienius‚
561 1283 615 1364 qui
638 1289 712 1350 ante
734 1283 925 1350 Lachmanni
948 1283 1174 1352 sententiarum
1195 1283 1301 1353 fautor
1323 1305 1405 1354 nunc

186 1394 224 1461 de
246 1394 345 1460 eisin
367 1393 506 1461 infimum
528 1394 631 1460 locum
654 1393 820 1476 degressus
843 1395 991 1462 derebus
1006 1395 1182 1462 Homericis
1198 1396 1308 1462 eadem
1323 1414 1405 1478 quae

182 1504 369 1571 Aristoteles
392 1505 496 1571 sentit.
530 1504 619 1570 cuius
636 1505 797 1587 opiniones
811 1505 866 1588 qui
881 1505 940 1571 sibi
955 1505 1166 1588 persuadebit,
1189 1508 1219 1572 ei
1233 1504 1310 1572 nihil
1326 1525 1405 1588 opus

182 1614 244 1680 erit
264 1613 375 1680 audire
397 1614 557 1696 Curtium,
581 1615 635 1696 qui
658 1633 857 1698 quemquam,
879 1614 1062 1696 priusquam
1083 1636 1164 1683 nova
1187 1617 1295 1698 docet,
1318 1622 1404 1684 recte

181 1724 269 1792 iubet
296 1743 417 1792 summo
444 1744 538 1808 opere
567 1726 714 1792 universa
744 1725 783 1790 de
810 1725 904 1793 rebus
925 1726 1100 1794 Homericis
1128 1728 1233 1795 studia
1260 1728 1333 1795 inde
1362 1729 1403 1796 ab

180 1835 363 1902 Aristarcho
385 1855 486 1918 usqne
508 1836 549 1901 ad
569 1837 804 1903 Lachmannum
827 1841 1030 1919 pertrectare.
1062 1839 1163 1921 riguit
1184 1839 1403 1906 6616661616-

180 1945 252 2012 telis
280 1946 383 2028 opinio
411 1951 541 2030 propter
569 1952 675 2040 rectae
702 1947 735 2012 in
758 1965 793 2012 re
816 1947 924 2014 critica
945 1948 1014 2013 viee
1036 1946 1193 2014 deiectum
1216 1953 1248 2016 61
1270 1949 1405 2033 antiqui-

180 2059 255 2124 tatis
277 2059 317 2124 de
331 2058 469 2124 Homero
489 2058 649 2142 religionis
672 2063 704 2125 et
725 2057 798 2125 fidei
820 2059 911 2140 quasi
932 2060 1094 2128 conditore
1116 2065 1149 2126 et
1163 2062 1262 2144 primo
1278 2062 1404 2128 doctore

180 2171 341 2254 opiniones
372 2171 549 2238 excusanda
581 2174 655 2238 ante
683 2171 909 2238 Aristarchum.
954 2190 1036 2238 nunc
1068 2173 1110 2237 ad
1142 2173 1332 2239 Lachmanni
1366 2172 1405 2238 16

68 2328 72 2334 -
179 2280 278 2347 iliade
300 2281 565 2348 considerationes
587 2285 783 2349 revertamur
805 2286 946 2366 oportet,
977 2288 1029 2364 ut,
1057 2283 1142 2366 quali
1163 2283 1255 2349 modo
1279 2283 1405 2350 criticus

178 2391 230 2457 ille
259 2391 292 2457 in
319 2391 477 2475 integrum
506 2392 681 2460 restituerit
711 2393 849 2460 carmina
878 2395 917 2461 de
938 2394 987 2461 ira
1005 2395 1134 2462 Achillis
1155 2399 1337 2477 rectumque
1359 2396 1404 2461 616

179 2506 212 2567 61
232 2501 323 2568 66166
337 2520 446 2568 verum
461 2491 601 2570 'nitorem
623 2503 804 2585 reddiderit,
825 2505 1050 2587 interlegamus
1073 2511 1106 2573 et
1127 2525 1148 2572 a
1169 2523 1289 2572 summo
1311 2506 1404 2589 signi·

178 2612 244 2679 lero
266 2631 374 2680 eorum
397 2614 569 2680 carminum
590 2612 722 2680 formam
738 2615 989 2699 antiquissimam
1005 2617 1181 2683 doceamur.
1216 2617 1254 2683 de
1270 2635 1308 2682 ea
1323 2617 1403 2684 enim

178 2725 211 2790 in
232 2725 292 2790 hac
313 2733 421 2794 nostra
449 2726 669 2793 dissertatione
700 2745 794 2810 agere
814 2727 1008 2810 propositum
1031 2727 1122 2794 nobis
1145 2731 1208 2808 est,
1236 2743 1322 2808 cum,
1344 2727 1404 2793 nisi

178 2853 259 2919 quae
292 2837 334 2902 sit
365 2835 537 2904 carminum
568 2836 670 2902 forma
698 2837 917 2920 antiquissima
944 2836 1209 2918 interlexerimus,
1244 2836 1312 2904 fieri
1341 2856 1403 2903 666

177 2947 293 3030 possit,
322 2952 358 3014 61
387 2948 525 3014 carmina
553 2949 593 3015 de
620 2949 668 3014 ira
684 2947 814 3016 Achillis
835 2949 867 3013 in
890 2947 1046 3031 integrum
1067 2948 1214 3014 restituta
1237 2966 1273 3013 ex
1286 2941 1403 3013 'Iliadis

179 3077 318 3142 conpage
332 3059 462 3126 edamus
478 3064 511 3125 61
524 3059 748 3142 6111666616,
771 3059 1030 3139 continuationes,
1045 3058 1300 3142 interpolationes
1314 3077 1403 3143 prae·

178 3171 259 3238 senti
286 3190 404 3238 conexu
430 3189 492 3238 666
515 3175 605 3255 aptas
629 3170 830 3253 conligamus.
870 3187 933 3253 qua
954 3171 987 3236 in
1009 3189 1043 3237 re
1065 3189 1144 3254 opus
1166 3170 1228 3236 erit
1248 3171 1401 3237 rationem

176 3299 234 3348 nos
255 3281 373 3362 habere
395 3300 513 3363 eorum,
536 3282 790 3366 quaeHauptins
813 3282 945 3364 protulit
959 3281 991 3346 in
1013 3279 1126 3348 scholis
1142 3281 1218 3363 6616,
1239 3282 1401 3365 inquibus

176 3393 326 3476 respectis
353 3392 428 3459 solis
450 3392 642 3459 Lachmanni
671 3392 974 3459 considerationibus
1001 3411 1040 3459 ex
1066 3391 1164 3457 111616
1193 3392 1331 3458 carmina
1362 3393 1401 3458 de

176 3505 225 3569 ira
239 3503 368 3570 Achillis
389 3503 526 3586 genuina
547 3505 736 3587 magistrum
750 3504 837 3569 illum
854 3508 886 3570 et
900 3503 1082 3586 signiferum
1096 3502 1262 3568 maximam
1277 3508 1398 3584 portem

177 3619 304 3682 secutus
327 3614 504 3681 enucleavit
525 3615 656 3681 abiectis
680 3614 742 3682 illis
763 3615 993 3695 additamentis
1015 3632 1096 3697 quae
1111 3616 1167 3678 aut
1181 3631 1219 3678 ex
1235 3613 1304 3679 aliis
1319 3613 1399 3680 eius-

177 3725 248 3791 dem
270 3724 395 3790 scholae
418 3725 607 3792 carminibus
630 3744 692 3791 non
714 3742 845 3809 prorsus
865 3725 998 3791 servatis
1020 3728 1076 3789 aut
1094 3743 1133 3790 ex
1147 3725 1399 3791 concinnatorum

175 3835 299 3920 ingenio
329 3834 369 3901 61
400 3853 513 3916 corpus
541 3836 792 3903 constituendum
819 3835 927 3901 addita
949 3838 1023 3900 sunt
1044 3853 1138 3900 uranu
1161 3837 1311 3916 quattuor
1332 3833 1400 3902 illo-

175 3965 246 4013 rum
267 3945 425 4012 Pisistrati
447 3946 645 4028 adiutorum,
668 3963 801 4030 quornm
823 3946 887 4012 tria
908 3945 1033 4012 nomina
1055 3964 1094 4011 ex
1115 3946 1232 4013 scholio
1253 3945 1399 4012 Plautino

176 4057 295 4122 Graece
317 4056 357 4122 ab
379 4056 496 4123 Ioanne
516 4057 630 4124 Taetze
653 4076 691 4123 ex
705 4057 819 4124 Latino
841 4075 994 4138 sermone,
1016 4073 1078 4138 quo
1093 4057 1125 4122 in
1148 4057 1254 4124 codice
1269 4056 1399 4123 Ambro-

175 4167 263 4233 61666
286 4165 402 4248 utitur,
425 4185 533 4248 verso,
556 4168 667 4234 Latine
690 4167 722 4234 in
745 4167 850 4235 661166
867 4167 976 4233 'Plauti
992 4168 1197 4234 Ambrosiano
1220 4172 1344 4235 servato
1367 4173 1401 4233 et

176 4275 385 4343 aRitschelio
415 4277 531 4360 optime
554 4277 653 4360 edito,
682 4297 720 4344 ea
746 4297 809 4362 qua
830 4280 918 4346 initio
941 4277 1092 4348 utebatur
1115 4278 1215 4344 forma
1237 4277 1400 4345 Graecas

176 4387 326 4454 Gramero
353 4388 387 4453 16
418 4387 580 4454 anecdotis
602 4389 731 4457 Graecis
759 4409 776 4456 6
803 4391 870 4457 661.
892 4389 969 4459 bibl.
995 4391 1094 4456 Paris.
1123 4390 1215 4456 editis
1244 4389 1275 4454 in
1297 4390 1399 4455 lucem

174 4498 297 4581 prolato
313 4499 403 4567 uobis
420 4499 633 4582 innotuerunt,
650 4501 794 4584 Orpheus
811 4501 1018 4582 Crotoniates,
1034 4503 1175 4582 Zopyrus
1186 4501 1397 4582 Heracleotes,

176 4610 396 4678 Onomacritus
413 4610 623 4696 Atheniensis,
637 4618 777 4706 'quartus
799 4612 970 4696 ignoratur,
1002 4630 1072 4678 cum
1094 4610 1177 4694 apud
1199 4611 1345 4678 Tzetzem
1368 4614 1400 4676 61
