3460 5370
804 371 1018 432 ..46-

302 551 417 616 tiorum
445 551 505 616 illis
535 551 660 618 scholiis
688 569 930 634 conprensarum
953 555 1081 618 auctore
1104 570 1161 616 cur
1181 553 1334 618 addamus
1357 573 1420 620 non
1443 555 1530 620 adsit

303 679 425 742 caussa,
447 662 524 726 satis
545 679 615 727 esse
636 661 760 726 videtur
781 661 939 727 addidisse
961 668 994 726 et
1011 666 1119 726 nostra
1134 662 1260 742 quidem
1275 664 1442 743 sententia,
1464 666 1527 730 nisi

303 773 520 840 Lachmannns
542 791 580 837 ex
601 772 654 836 illo
675 770 791 836 scholio
814 777 850 836 ut
866 771 1067 836 Aristarcheo
1089 770 1207 850 aliquid
1222 789 1279 851 pro
1295 791 1354 838 sua
1368 775 1529 841 sententia

304 883 514 962 conclusisset,
535 881 810 947 Friedlaenderum
832 887 918 948 certe
937 880 970 946 id
990 882 1074 946 inter
1088 879 1206 946 scholia
1218 882 1415 948 Aristonicea
1430 886 1528 950 maxi-

303 1011 386 1057 mam
416 992 509 1073 longe
536 996 659 1073 partem
688 992 804 1072 optime
834 992 874 1057 ab
905 1008 941 1054 eo
970 990 1056 1056 edita
1079 991 1235 1072 recepisse
1255 997 1287 1056 ct
1308 997 1394 1060 recte
1415 994 1455 1058 de
1478 995 1528 1060 his

302 1103 397 1169 rebus
419 1102 652 1168 Lachmannum
679 1101 797 1168 scholia
823 1100 876 1166 illa
898 1101 1072 1167 Aristarchi
1100 1107 1235 1167 mentem
1262 1104 1421 1169 continere
1449 1105 1528 1170 iudi·

304 1218 424 1280 cantem
446 1213 492 1277 ita
514 1213 689 1278 censuisse:
717 1212 857 1276 Zenodot
878 1210 1013 1277 verwarf
1032 1211 1082 1276 die
1104 1231 1194 1277 verse
1214 1213 1242 1276 A
1261 1217 1432 1294 cae-90,
1456 1219 1530 1295 492,

304 1323 364 1388 den
386 1328 458 1388 491.
474 1321 596 1388 schrieb
618 1342 653 1389 er
674 1342 731 1406 gar
752 1323 848 1388 nicht.
882 1341 1009 1403 warum,
1032 1321 1089 1388 hat
1109 1324 1157 1387 hr.
1176 1322 1282 1404 Bergk
1304 1323 1391 1388 nicht
1413 1323 1529 1407 richtig

304 1437 443 1513 erraten,
474 1433 595 1500 ohwohl
614 1433 776 1498 Aristarch
805 1434 856 1498 die
884 1433 1006 1514 grunde
1037 1432 1093 1497 der
1115 1433 1257 1498 athetese
1279 1434 1452 1516 widerlegt.
1493 1455 1527 1501 er

303 1542 386 1609 lehrt
408 1543 587 1625 (achaeo),
609 1543 684 1608 dass
707 1541 860 1606 ποθέεσκε
881 1542 909 1605 d’
926 1543 1022 1629 ἀυτήν
1044 1566 1077 1606 τε
1093 1542 1243 1626 πτόλεμόν
1259 1566 1292 1606 τε
1314 1543 1453 1609 bedeute
1475 1547 1520 1611 die

305 1653 496 1734 untdtigkeit
522 1655 568 1719 sei
590 1652 660 1720 dem
683 1652 795 1718 helden
817 1653 1021 1720 schmerzhch
1041 1671 1193 1735 genesen,
1218 1653 1289 1718 dem
1311 1652 1442 1720 friihcrn
1465 1654 1524 1719 kri-

304 1764 386 1831 tiker
412 1764 518 1830 schien
547 1764 613 1830 also
641 1764 692 1829 die
720 1763 867 1844 begierde
887 1782 959 1828 zum
982 1762 1092 1844 kemps
1111 1765 1167 1828 der
1189 1764 1333 1844 drohung
1355 1784 1395 1829 zu
1418 1766 1528 1830 wider·

304 1875 472 1958 sprechcn‚
502 1874 577 1939 dasz
606 1892 641 1939 er
668 1873 754 1939 nicht
775 1873 864 1939 mehr
886 1873 1016 1938 streiten
1038 1872 1135 1952 wolle,
1159 1873 1295 1938 sondern
1316 1873 1528 1940 heimkchren.

303 1985 368 2050 und
396 1982 469 2048 οὔτε
499 1985 565 2048 ποτ’
587 1983 622 2054 ἐς
643 1984 794 2068 πόλεμον,
824 1988 896 2064 sagt
913 1983 1092 2061 Aristarch,
1122 1983 1166 2048 sei
1195 1983 1352 2048 entweder
1373 1983 1529 2071 πρόληῴις

303 2096 379 2161 oder
407 2113 440 2160 es
466 2095 594 2161 beaiehe
616 2095 698 2175 sich,
728 2094 769 2160 da
790 2113 851 2160 von
872 2094 1025 2159 zwischcn
1047 2094 1210 2174 liegenden
1232 2099 1325 2174 tugen
1348 2095 1528 2176 uberhaupt

304 2206 391 2271 nicht
411 2205 533 2271 erzdhlt
553 2205 671 2284 werde,
699 2203 756 2268 anf
778 2203 881 2268 kleine
903 2202 1104 2269 hecrfahrten
1125 2205 1157 2266 in
1180 2203 1230 2267 die
1252 2204 1446 2284 umgegend,
1477 2205 1528 2270 die

305 2321 393 2382 sonst
410 2315 566 2381 Achilleus
595 2335 635 2380 zu
662 2314 776 2380 filhren
803 2313 927 2396 pflegte.
967 2314 1033 2378 dies
1062 2312 1183 2379 scheint
1212 2331 1246 2377 er
1276 2331 1310 2376 so
1340 2312 1529 2394 ausgeltihrt

305 2446 346 2492 zu
366 2427 478 2507 haben,
500 2426 575 2492 dasz
597 2445 632 2491 er
654 2425 764 2508 neigte,
788 2425 832 2494 εἰς
853 2425 973 2511 ἀγορήν
995 2424 1040 2488 sei
1062 2423 1177 2489 ebenso
1199 2423 1359 2504 anstdszig
1382 2423 1458 2488 oder
1474 2443 1529 2505 ge-

305 2536 511 2617 rechtfertigt,
534 2536 580 2601 als
602 2535 635 2604 ἐς
651 2535 794 2618 πόλεμον,
818 2536 875 2600 uic
898 2535 980 2599 denn
1002 2533 1082 2599 auch
1099 2530 1210 2597 Ndcke
1232 2533 1339 2598 heides
1355 2532 1457 2614 gleich
1473 2552 1528 2598 un·

306 2647 474 2714 schicklich
501 2645 584 2711 fand.
627 2646 677 2712 ein
706 2644 975 2725 chronologisches
1004 2642 1167 2709 bedenken
1194 2644 1288 2708 nahm
1316 2643 1458 2709 Zenodot
1488 2663 1529 2708 an

307 2758 367 2824 den
381 2775 492 2823 versen
511 2756 604 2836 nicht,
628 2757 711 2821 dcnu
726 2760 814 2820 sonst
829 2755 935 2820 wdrde
950 2755 1000 2818 die
1015 2753 1091 2818 tatel
1105 2753 1192 2818 ihrer
1207 2753 1383 2819 erwdhnen.
1417 2755 1530 2820 deinde

306 2868 391 2950 quod
404 2867 665 2933 Friedlaenderus
688 2885 726 2931 ex
745 2866 914 2932 Aristonici
937 2865 978 2930 ad
999 2863 1028 2927 A
1046 2869 1108 2927 477
1131 2864 1332 2930 adnotatione
1354 2868 1451 2946 negat
1467 2865 1531 2929 elu-

307 2997 377 3044 cere
394 2977 609 3044 Aristarchum
631 2978 827 3059 vituperasse
849 2973 1000 3040 Zenodoti
1030 2978 1062 3040 et
1091 2973 1218 3039 tabulae
1247 2974 1478 3056 neglegentiam
1498 2973 1531 3038 in

307 3109 343 3155 eo
365 3089 499 3170 positam
522 3086 606 3169 qnod
628 3088 709 3153 mem
732 3086 853 3152 reditus
876 3086 979 3151 Ulixei
1001 3086 1151 3151 denotare
1173 3085 1360 3160 omisissent,
1383 3083 1464 3148 male
1487 3085 1534 3148 iu·

307 3200 400 3266 dicat
433 3218 506 3265 nam
528 3215 658 3282 prorsus
679 3185 805 3280 ineptus
827 3202 860 3262 et
882 3195 1015 3261 stolidus
1037 3195 1200 3260 habendus
1216 3199 1299 3259 esset
1319 3193 1533 3273 Aristarchus,

307 3309 334 3374 si
356 3309 396 3374 ad
418 3327 489 3374 eum
511 3327 636 3374 versum
659 3306 831 3374 docuisset:
853 3307 899 3369 ὅτι
914 3313 953 3392 τῇ
967 3305 1043 3392 ἑξῆς
1056 3303 1092 3367 ἐκ
1105 3308 1161 3390 τῆς
1176 3302 1301 3389 Χρύσης
1318 3301 1533 3389 κατέρχονται·

308 3421 327 3506 ἡ
351 3418 387 3482 δὲ
409 3419 555 3506 ἀναφορὰ
578 3420 656 3506 πρὸς
679 3421 731 3482 τὸν
753 3421 817 3482 τῶν
839 3420 968 3506 ἡμερῶν
991 3412 1125 3500 ἀριθμόν
1148 3433 1249 3495 neque
1264 3413 1348 3478 ultra
1362 3412 1534 3494 quidquam

308 3530 449 3597 indicare
471 3530 630 3612 voluisset,
652 3532 713 3596 nisi
735 3530 820 3610 quod
842 3548 913 3595 eum
927 3527 1065 3593 indicare
1079 3524 1214 3590 voluisse
1229 3523 1338 3588 scribit
1355 3521 1534 3587 Friedlacn·

308 3643 403 3707 derus
424 3642 474 3708 his
496 3641 599 3707 verbis
621 3658 714 3706 usus:
738 3657 848 3708 sensus
868 3643 933 3705 est:
957 3637 1061 3719 diplen
1077 3639 1219 3718 spectare
1234 3634 1355 3698 dicrum
1370 3648 1535 3696 numerum

308 3753 350 3816 ad
378 3769 470 3832 quem
499 3751 672 3833 dilegenter
701 3770 773 3817 enm
794 3750 975 3816 adtendisse
997 3749 1128 3827 scimus,
1156 3746 1234 3812 nihil
1255 3745 1354 3822 ultra,
1384 3742 1434 3807 cui
1456 3758 1534 3806 suae

309 3862 483 3927 sententiae
510 3862 593 3927 male
621 3861 862 3927 Friedlanderus
891 3860 1127 3926 Lachmannum
1160 3861 1269 3936 petens
1302 3855 1398 3918 haece
1431 3851 1533 3916 addit:

309 3972 463 4051 quomodo
478 3970 697 4038 Lachmannus
711 3972 862 4037 Zenodoti
884 3969 1113 4052 neglegentiam
1134 3968 1167 4031 in
1187 3965 1246 4031 hoc
1261 3963 1378 4031 scholio
1393 3966 1534 4028 nomam

309 4081 450 4148 invenire
478 4081 632 4163 potuerit,
662 4100 724 4147 non
751 4081 911 4163 interlego.
945 4098 1017 4147 nam
1041 4078 1067 4144 si
1089 4077 1156 4143 sola
1177 4074 1231 4139 illa
1252 4074 1311 4139 hac
1333 4072 1534 4138 adnotatione

309 4191 446 4258 indicata
463 4196 579 4272 essent,
594 4191 614 4256 i.
627 4210 654 4257 e.
667 4192 693 4255 si
712 4191 817 4258 omnia
827 4188 1009 4256 Aristarcho
1027 4188 1112 4254 clara
1132 4190 1164 4253 et
1175 4182 1340 4266 perspicua
1349 4182 1417 4247 visa
1428 4187 1535 4247 essent

310 4322 413 4385 neque
442 4303 613 4383 quidquam
641 4303 681 4368 ab
710 4301 772 4367 alio
797 4306 870 4366 ante
891 4299 1048 4380 philologo
1069 4296 1186 4363 iactum
1208 4294 1336 4372 luisset,
1366 4291 1450 4371 qnod
1474 4285 1547 4372 ipsi'

310 4414 471 4479 videretur
496 4415 613 4479 malum
642 4418 674 4480 et
702 4413 860 4495 ineptum,
891 4408 967 4493 quid
991 4409 1084 4475 sodes
1112 4425 1183 4472 eum
1209 4404 1312 4486 potuit
1340 4417 1534 4477 commovere,

313 4528 349 4588 ut
384 4542 455 4590 eum
490 4543 616 4592 versum
650 4525 736 4606 dipla
768 4521 911 4605 adposita
939 4519 1120 4598 denotaret,
1150 4535 1219 4582 cum
1248 4514 1371 4579 Ulixem
1399 4526 1534 4590 suosque
