3460 5370
799 415 1012 476 ..20-

298 606 467 674 cohaerent
512 620 565 669 eas
587 601 684 684 igitur
706 602 813 682 partes
835 601 920 663 recte
936 595 1156 661 Lachmannus
1178 590 1336 659 interlexit
1352 588 1431 656 duas
1449 607 1519 656 esse

296 717 440 784 carminis
463 713 711 782 continuationes
734 727 850 791 easque
872 728 892 774 a
913 707 1141 791 posterioribus
1159 701 1432 772 concinnatoribus
1449 717 1518 765 esse

296 849 366 897 cum
387 830 488 913 primo
516 827 653 893 carmine
679 840 812 892 conexas
834 820 890 887 sed
912 818 1022 910 ordine
1043 819 1089 884 ita
1110 817 1255 896 turbato,
1283 817 1320 879 ut
1341 830 1450 878 earum
1472 829 1518 876 se·

296 939 398 1009 cunda
425 940 458 1004 in
486 939 566 1004 duas
593 940 701 1020 partes
730 932 844 1000 discisa
866 932 908 998 sit
927 936 960 996 et
981 930 1064 995 inter
1086 933 1253 1007 utramque
1275 927 1397 1007 partem
1418 921 1519 1004 prima

296 1051 469 1118 interiecta.
508 1067 544 1115 ac
566 1048 668 1130 prima
690 1045 815 1128 quidem
839 1041 1032 1109 continuatio
1056 1057 1127 1105 cum
1149 1036 1349 1103 Lachmanno
1372 1031 1438 1099 solo
1461 1050 1518 1098 suo

297 1180 368 1230 cum
395 1160 532 1227 secunda
560 1176 680 1224 conexu
709 1153 935 1222 dubitationem
962 1151 1128 1230 mouisset,
1154 1149 1222 1232 ipse
1244 1146 1346 1214 altera
1368 1143 1520 1226 exprimi

297 1273 369 1339 libri
402 1271 551 1353 conplexu
580 1268 706 1334 sublata
732 1271 766 1332 et
793 1265 895 1348 prima
922 1267 1010 1329 arcte
1039 1279 1110 1328 cum
1139 1261 1207 1343 ipso
1236 1257 1374 1324 carmine
1404 1271 1520 1322 conexa

298 1382 375 1447 nihil
398 1381 468 1445 miri
489 1399 591 1462 neque
612 1377 694 1461 quod
717 1376 759 1442 sit
775 1374 1016 1456 vituperandum
1036 1374 1070 1437 in
1093 1371 1245 1453 conplexu
1266 1385 1429 1434 remanere
1451 1383 1521 1433 cen·

298 1492 362 1582 suit
390 1508 521 1571 eamque
550 1490 683 1572 primam
712 1486 978 1552 continuationem
1006 1488 1062 1549 ant
1084 1483 1124 1549 ab
1147 1480 1256 1548 eodem
1278 1485 1387 1562 poeta,
1418 1496 1437 1543 a
1459 1495 1521 1558 quo

299 1603 435 1686 primum
463 1618 587 1668 carmen
616 1604 719 1665 ortum
749 1602 848 1679 esset,
879 1614 942 1662 uno
968 1600 1078 1662 tenore
1107 1610 1179 1658 cum
1199 1592 1268 1673 ipso
1291 1589 1428 1657 carmine
1451 1605 1521 1655 can-

299 1717 399 1778 tatam
421 1730 491 1778 esse
513 1716 569 1776 aut
591 1711 631 1776 ab
654 1709 715 1774 alio
733 1712 835 1792 poeta,
859 1707 913 1788 qui
930 1706 1022 1788 primi
1038 1703 1184 1770 carminis
1203 1701 1342 1768 auctoris
1361 1700 1521 1783 ingenium

300 1828 332 1889 et
358 1823 545 1889 sententiam
573 1839 703 1904 prorsus
732 1819 944 1901 concepisset,
972 1816 1108 1882 maxima
1132 1819 1202 1882 arte
1223 1813 1371 1880 additam.
1411 1809 1521 1877 sedin

299 1932 357 1998 hac
380 1953 415 1999 re
445 1932 549 2013 aliqua
578 1935 669 2013 parte
691 1931 809 1997 erravit
830 1929 1051 1996 Lachmannus
1073 1944 1170 2007 seque
1192 1942 1370 2008 quanquam
1394 1922 1522 2014 minima

299 2061 445 2109 mensura
473 2043 657 2126 participem
686 2058 754 2107 esse
776 2041 882 2106 docuit
904 2040 1065 2107 conmunis
1087 2038 1243 2104 humanae
1266 2035 1370 2102 sortis.
1406 2051 1522 2116 nequa-

300 2171 394 2236 quam
424 2154 505 2218 enim
536 2153 575 2219 de
603 2153 724 2236 origine
748 2150 835 2217 nulla
857 2156 999 2217 remanet
1021 2149 1176 2217 dubitatio
1199 2149 1294 2229 idque
1316 2147 1356 2214 ab
1380 2145 1520 2227 Hauptio

300 2263 410 2329 doctus
426 2263 645 2329 Lachmannus
667 2264 823 2346 adgnovit.
859 2281 933 2327 narn
949 2263 1107 2343 Hauptius
1129 2262 1162 2326 in
1185 2260 1250 2325 auis
1272 2258 1313 2324 ad
1329 2255 1522 2323 Lachmanni

299 2373 564 2441 considerationes
592 2373 830 2462 additamentis,
846 2364 942 2455 'quae
972 2391 1034 2438 non
1062 2372 1220 2454 Hauptius
1248 2369 1304 2436 sed
1333 2369 1401 2452 ipse
1423 2366 1523 2432 Lach-

299 2503 448 2565 mannus,
475 2501 545 2549 cum
568 2503 605 2548 ex
627 2484 706 2550 actis
728 2484 906 2551 academiae
928 2484 1192 2564 considerationes
1221 2498 1294 2547 suas
1325 2476 1522 2545 excudendas

299 2600 441 2674 curaret,
473 2595 550 2674 ipsis
585 2594 885 2660 considerationibus
920 2596 985 2660 suis
1014 2594 1156 2658 adiunxit
1190 2611 1228 2658 ea
1254 2592 1376 2657 ratione
1403 2607 1438 2655 se
1466 2588 1520 2669 eis,

300 2723 380 2788 qnae
408 2705 567 2786 Hauptius
593 2703 765 2785 addiderit,
797 2705 948 2770 adsentiri
976 2705 1127 2787 probans,
1159 2721 1227 2769 earn
1256 2701 1522 2769 continuationem

300 2816 386 2882 nullo
413 2815 506 2881 modo
534 2815 683 2898 primario
712 2819 807 2897 poeta
829 2815 956 2899 dignam
978 2814 1153 2881 habendam
1175 2833 1246 2880 esse
1269 2814 1464 2880 demonstrat
1485 2829 1524 2876 ex

302 2946 353 3007 eo,
376 2927 477 3007 quod,
501 2926 590 2991 cuius
612 2926 657 2992 rei
679 2943 791 2991 caussa
813 2925 960 2991 instituta
985 2926 1027 2991 sit
1049 2945 1086 2992 ea
1108 2944 1197 3008 pars,
1227 2943 1265 2991 ea
1287 2943 1338 2991 res
1360 2943 1423 2991 non
1446 2923 1523 2989 satis
1563 3013 1565 3018 ,

301 3037 482 3121 explicetur,
506 3056 576 3102 curn
593 3037 745 3121 Apollinis
767 3039 979 3104 reconciliatio
1001 3038 1075 3104 solis
1098 3037 1221 3104 dnobus
1240 3036 1383 3102 versibus
1404 3036 1522 3102 brevis·

300 3150 378 3214 sime
393 3149 550 3214 indicetur
563 3148 623 3215 hoc
637 3150 748 3215 modo:
774 3152 828 3212 τοῦ
843 3149 879 3212 δὲ
895 3149 966 3213 κλύε
983 3147 1100 3232 Φοῖβος
1114 3147 1270 3213 Ἀπόλλων
1285 3153 1318 3215 et
1336 3148 1353 3212 ὃ
1369 3147 1406 3211 δὲ
1421 3145 1524 3233 φρένα

302 3257 422 3347 τέρπετ’
438 3257 571 3336 ἀκούων,
594 3278 685 3326 sacra
705 3278 779 3325 uero
802 3267 835 3325 et
857 3278 933 3326 cena
955 3260 1062 3327 multis
1076 3261 1181 3327 verbis
1204 3260 1430 3327 describantur.
1460 3276 1524 3340 qua

302 3372 334 3436 in
367 3390 402 3436 re
435 3369 554 3452 aliquid
585 3369 704 3452 inesse,
744 3369 829 3451 quod
862 3371 1134 3437 inconcinnitatem
1168 3375 1276 3455 aperte
1309 3372 1401 3436 docet
1430 3368 1528 3452 quod·

303 3501 364 3565 que
393 3479 528 3561 speciem
553 3479 802 3560 interpolationis
830 3499 905 3562 prae
934 3498 968 3546 se
995 3480 1073 3564 lert,
1105 3501 1196 3548 nemo
1218 3481 1355 3564 negabit.
1398 3486 1527 3546 atvero

291 3593 362 3658 ¹hoc
392 3592 461 3658 loco
493 3595 580 3656 recte
612 3590 744 3673 cogitari
771 3591 810 3656 de
839 3590 1081 3671 interpolatione
1113 3593 1272 3676 analogia,
1302 3611 1397 3676 quarn
1426 3591 1529 3658 adfert

305 3703 481 3785 Hauptius,
510 3700 611 3767 docet.
652 3702 733 3767 sicut
761 3701 843 3767 enirn
871 3702 903 3766 in
930 3702 989 3767 hoo
1019 3703 1102 3786 loco,
1133 3704 1218 3786 quod
1246 3721 1402 3771 summum
1429 3707 1478 3770 est
1498 3707 1530 3768 et

305 3813 524 3895 praecipuum,
554 3811 656 3878 obiter
683 3816 808 3879 tantum
830 3814 986 3896 tangitur,
1017 3830 1069 3878 res
1090 3832 1165 3881 vero
1186 3820 1224 3881 ut
1245 3815 1291 3880 ita
1313 3816 1453 3880 dicamus
1476 3812 1531 3878 ad·
1596 3849 1603 3862 ·

306 3923 459 3990 cessoriae
486 3923 593 3990 multis
615 3925 719 3990 verbis
749 3930 916 4006 ornantur,
944 3925 989 3991 ita
1013 3925 1173 3990 interdum
1201 3925 1233 3989 in
1260 3926 1433 3992 carminum
1454 3924 1529 3991 Ger-

306 4034 513 4117 manicorum,
546 4055 627 4118 quae
649 4040 724 4100 sunt
746 4035 785 4100 de
807 4035 1006 4118 Nibelungis,
1034 4034 1327 4118 interpolationibus
1357 4036 1532 4102 obcurrunt

307 4143 456 4227 exempla,
479 4143 592 4226 quibus
615 4143 760 4225 analogia
781 4145 950 4224 praebetur
966 4144 1035 4209 eins
1053 4146 1108 4226 rei,
1128 4164 1210 4228 quae
1222 4146 1255 4210 in
1269 4164 1306 4212 eo
1323 4151 1477 4226 uersatur,
1496 4151 1532 4211 ut

307 4255 391 4339 quod
418 4254 523 4337 aliqua
544 4255 576 4321 in
602 4274 637 4321 re
660 4273 816 4320 summurn
839 4258 888 4321 est
910 4261 942 4321 et
964 4257 1167 4340 praecipuum
1190 4258 1230 4323 ab
1253 4256 1531 4342 interpolatoribus

307 4366 445 4434 breviter
473 4367 635 4450 obiterque
658 4367 689 4432 id
712 4371 878 4449 tangatur,
908 4371 1017 4432 contra
1046 4386 1127 4450 quaa
1155 4372 1211 4434 aut
1240 4369 1357 4435 nullius
1379 4372 1455 4436 sunt
1476 4371 1532 4432 aut

307 4477 426 4542 minimi
454 4477 602 4544 momenti
630 4495 668 4542 ea
694 4477 800 4558 inepte
829 4477 987 4542 addantur
1016 4477 1188 4562 multisque
1210 4478 1315 4544 verbis
1338 4477 1531 4560 subplendae

307 4587 471 4672 pericopae
494 4605 607 4655 caussa
629 4588 830 4671 explicentur.
865 4588 954 4653 cuius
976 4588 1023 4654 rei
1042 4593 1080 4656 ut
1097 4608 1194 4657 unum
1212 4589 1338 4675 quidem
1355 4587 1533 4655 adferamus
