3460 5370
698 416 908 478 „29-

190 601 260 668 loco
288 599 537 680 attribueretur,
567 596 807 682 displiceretque
834 597 956 688 Πηλέος
982 599 1062 676 olor,
1091 619 1161 667 cum
1187 601 1255 666 eius
1284 601 1415 685 epitheti

191 711 276 780 solus
299 711 461 778 vocativus
490 709 579 791 isque
607 708 681 776 solis
709 709 830 777 duobus
857 709 933 777 locis
955 711 1130 794 subspectis
1153 709 1205 794 (ll
1218 715 1274 794 21,
1297 713 1413 795 tlte)

190 823 315 890 obviam
336 821 467 888 veniret.
507 821 562 886 sed
590 821 650 887 hoc
678 820 716 887 de
744 820 844 886 altera
873 821 1107 888 continuatione
1132 822 1283 892 iudicium
1303 821 1415 891 fecisse

191 932 370 1016 Koechlyus
399 932 525 998 videtur
553 931 619 998 sola
648 949 707 998 sua
735 949 840 997 rerum
867 951 1019 999 novarum
1047 933 1220 1015 cupiditate
1242 939 1413 1018 permotus.

190 1048 383 1130 quapropter
411 1060 492 1125 quae
517 1062 575 1127 pro
605 1062 664 1110 sua
693 1044 837 1127 opinione
866 1043 987 1126 profert
1016 1061 1055 1110 ea
1082 1033 1268 1127 argumenta
1288 1045 1321 1111 in
1344 1063 1414 1112 eum

191 1153 332 1222 converti
348 1154 449 1237 primo
465 1153 619 1237 adspectu
637 1153 851 1238 interlegetur.
881 1155 966 1237 quod
984 1155 1065 1220 enim
1084 1155 1178 1222 huius
1195 1155 1294 1238 partis
1311 1161 1414 1239 poeta,

191 1270 228 1334 ut
248 1266 316 1350 ipse
331 1264 511 1348 Koechlyus
534 1265 618 1347 dicit,
642 1269 741 1331 totam
763 1268 885 1348 partem
907 1265 953 1330 ita
974 1265 1112 1331 instituit
1131 1269 1163 1330 et
1180 1267 1355 1350 conposuit,
1375 1251 1415 1335 ut

191 1378 281 1461 quasi
303 1395 479 1459 congruens
500 1376 603 1458 imago
626 1375 745 1442 Menidi
766 1376 981 1459 responderet,
1004 1376 1037 1442 in
1059 1393 1193 1460 eumque
1214 1375 1308 1444 finem
1331 1378 1416 1445 haud

190 1507 263 1556 raro
290 1489 360 1570 ipsa
389 1487 550 1570 archetypi
571 1488 668 1552 verba
690 1490 746 1552 aut
767 1485 891 1568 integra
912 1490 969 1552 aut
989 1475 1307 1569 paullulumyariata
1327 1507 1412 1573 repe

190 1601 277 1682 tivit,
306 1601 339 1666 in
361 1619 399 1666 ea
421 1619 455 1665 re
477 1617 589 1666 caussa
611 1602 660 1664 est
683 1598 855 1664 clarissima
877 1602 909 1664 ct
930 1597 1064 1664 maxime
1086 1600 1268 1682 perspicua,
1293 1619 1331 1666 ex
1352 1617 1416 1682 qua

194 1713 261 1778 eius
283 1711 384 1793 partis
407 1715 567 1778 auctorem
589 1714 639 1776 est
660 1708 908 1776 concludendum
931 1728 993 1775 uon
1015 1727 1131 1774 novum
1152 1727 1327 1794 proponere
1349 1728 1416 1777 car-

142 1859 143 1864 =
192 1841 262 1889 meu
293 1823 450 1905 (carmina
476 1822 558 1889 enim
588 1821 711 1904 singula
737 1837 897 1904 nunquam
927 1821 972 1886 ita
1000 1821 1082 1886 inter
1110 1838 1144 1887 se
1172 1821 1345 1904 quadrant,
1370 1822 1416 1888 ita

194 1933 306 2000 similia
329 1939 362 2000 et
384 1933 528 2016 aequalia
550 1935 648 2015 sunt),
670 1932 726 1998 sed
748 1933 911 2014 archetypi
933 1931 1017 1998 illius
1040 1932 1305 1999 continuationem
1327 1933 1415 1998 insti-

192 2050 291 2126 tuere,
314 2063 407 2128 quam
430 2044 579 2110 studebat
593 2043 653 2127 ipsi
670 2042 798 2109 carmini
813 2061 907 2126 quam
924 2042 1112 2109 simillimm
1130 2041 1262 2111 efficere.
1292 2061 1416 2127 nanque
1480 2096 1484 2106 .

191 2156 262 2236 quis
285 2156 393 2222 credat
414 2154 503 2223 novi
525 2155 711 2221 carminis
730 2159 888 2221 auctorem
907 2154 997 2220 initio
1015 2155 1122 2221 statim
1140 2156 1189 2221 sui
1207 2156 1353 2223 carminis
1371 2157 1417 2222 ita

191 2267 342 2350 prioris
364 2266 551 2334 carminis
574 2265 827 2332 conmonefacere
842 2282 934 2347 posse
950 2265 1119 2346 auditores,
1141 2271 1178 2332 ut
1193 2266 1322 2333 Achillis
1336 2267 1416 2333 mari

191 2377 364 2444 adsidentis
385 2365 556 2461 precesque
571 2378 612 2443 ad
628 2382 761 2444 matrem
774 2377 934 2444 fundentis
950 2377 1161 2444 condicionem
1176 2377 1417 2461 respondentem

191 2488 287 2555 faciat
313 2489 488 2556 condicioni
510 2488 638 2572 Chrysis
669 2489 702 2554 in
729 2489 834 2570 priore
860 2489 997 2556 carmine
1026 2507 1097 2555 cum
1125 2489 1165 2556 ab
1184 2489 1417 2572 Agamemnone

193 2600 273 2668 male
301 2600 430 2668 babitus
459 2601 501 2668 sit
528 2606 560 2667 et
590 2601 736 2667 conviciis
765 2606 914 2668 oneratus
943 2600 985 2666 ad
1006 2618 1093 2666 mare
1113 2599 1290 2669 recedentis
1311 2599 1418 2684 ibique

148 2731 151 2738 ’
191 2714 233 2779 ad
253 2713 429 2796 Apollinem
462 2732 572 2796 preces
602 2712 777 2779 mittentis?
810 2712 924 2780 deinde
957 2732 1032 2779 num
1065 2712 1213 2779 credibile
1246 2717 1295 2779 est
1327 2711 1418 2778 novi

80 2908 85 2924 Ι
190 2825 380 2892 carminis
403 2830 565 2890 auctorem
588 2843 680 2891 suum
703 2843 828 2891 carmen
849 2824 895 2889 ita
917 2824 958 2889 ad
980 2824 1093 2905 prius
1115 2823 1248 2905 referre,
1278 2827 1315 2889 ut
1336 2841 1418 2904 eum,

190 2953 285 3017 quem
308 2941 454 3018 agentem
471 2941 503 3002 et
518 2936 697 3019 loquentem
711 2935 890 3016 introducit,
913 2933 1008 3002 iaciat
1022 2935 1172 3002 honorem
1188 2939 1273 3002 certe
1288 2935 1328 3002 ab
1343 2934 1418 3000 love

190 3047 252 3128 ipsi
274 3047 382 3113 deberi
404 3047 450 3112 ita
472 3053 646 3130 urgentem,
668 3052 705 3111 ut
726 3045 876 3129 respiciat
898 3044 939 3110 ad
961 3046 1075 3128 prioris
1091 3047 1236 3113 carminis
1252 3064 1306 3112 eos
1321 3044 1415 3126 locos,

192 3159 224 3223 in
251 3157 365 3240 quihus
391 3158 473 3224 idem
496 3177 566 3226 eum
588 3157 739 3224 honorem
763 3158 824 3224 sibi
845 3157 885 3223 ab
908 3157 969 3223 alio
991 3157 1100 3239 negari
1122 3156 1280 3239 queritur,
1310 3161 1342 3224 et
1364 3156 1417 3223 ad·

194 3268 284 3334 ludat
306 3269 400 3334 etiam
423 3268 464 3334 ad
483 3287 554 3334 eum
577 3268 688 3350 locum,
711 3285 774 3349 quo
796 3268 876 3334 alius
898 3267 951 3334 ille
973 3269 1013 3334 ab
1036 3269 1110 3335 Iove
1133 3286 1167 3335 se
1189 3268 1342 3352 gloriatur
1363 3269 1418 3337 ho·

195 3380 323 3447 norari?
350 3399 443 3463 porro
466 3381 542 3461 quid
564 3379 719 3463 estquod
741 3399 869 3448 censeas
888 3380 926 3448 de
941 3397 978 3447 eo
1000 3380 1089 3447 novi
1110 3380 1313 3462 carminis,
1334 3380 1418 3461 quod

192 3491 336 3559 habitum
350 3490 416 3557 volt
434 3510 490 3574 pro
508 3491 665 3574 proprio
684 3495 717 3556 et
734 3509 818 3572 suo,
835 3497 938 3573 po'e'ta,
957 3491 1012 3573 qui
1029 3509 1066 3556 es
1084 3490 1225 3572 priore
1242 3490 1419 3557 carmine

193 3601 345 3670 uocabula
367 3606 399 3668 et
420 3603 658 3684 conparationes
680 3602 806 3684 repetit,
827 3607 864 3669 ut
886 3603 990 3686 potius
1013 3601 1052 3666 de
1074 3601 1159 3667 frusto
1182 3619 1275 3685 quam
1299 3601 1337 3668 de
1352 3601 1418 3666 imi·
1526 3645 1534 3664 Ι

195 3713 313 3780 tatione
335 3713 377 3780 sit
399 3712 619 3796 cogitandum?
646 3713 740 3780 talem
763 3719 869 3780 autem
892 3731 925 3780 se
946 3733 1057 3796 gerere
1070 3719 1231 3780 auctorem
1245 3712 1338 3779 huius
1353 3730 1418 3779 car·

195 3824 286 3890 minis
313 3827 382 3908 quis
410 3829 460 3891 est
486 3825 540 3906 qui
561 3828 669 3907 neget,
699 3824 853 3906 siquidem
876 3825 1075 3908 composuerit
1093 3826 1125 3890 A
1145 3829 1205 3891 357
1228 3843 1299 3890 cum
1321 3823 1418 3905 Aca,

194 3938 303 4002 Aser
322 3953 367 4021 sq.
390 3955 461 4003 cum
483 3936 570 4002 Aac
592 3953 654 4017 sq,
676 3935 704 4000 A
725 3939 787 4001 498
810 3954 881 4001 cum
900 3936 928 4000 A
947 3937 1009 4001 48?
1043 3954 1136 4019 porro
1166 3935 1242 4018 quid
1264 3932 1419 4018 estquod
1548 4015 1551 4021 Ι

194 4064 385 4130 censeamus,
409 4048 436 4113 si
457 4048 584 4130 quidem
605 4047 746 4114 videmus
768 4047 862 4114 huius
878 4047 978 4131 partis
997 4052 1167 4128 auctorem,
1190 4065 1284 4130 quem
1299 4044 1419 4112 Koech-

194 4159 265 4242 lyus
287 4158 378 4242 fingit
397 4178 537 4226 novum
562 4178 715 4226 carmen
737 4159 952 4241 conposuisse,
984 4158 1039 4226 ubi
1061 4159 1169 4225 Thetis
1192 4159 1298 4224 lovem
1318 4160 1420 4248 rogat,

195 4277 232 4336 ut
252 4269 316 4338 filio
338 4271 487 4339 honorem
510 4271 549 4338 ab
568 4271 799 4354 Agamemnone
822 4274 972 4353 negatum
1001 4269 1068 4352 ipse
1090 4269 1258 4351 praebeat,
1286 4285 1352 4334 rem
1374 4267 1419 4331 ita

194 4383 427 4464 instituentem,
457 4386 493 4448 ut
520 4401 558 4449 ea
584 4381 740 4465 particula
761 4397 824 4446 nou
846 4380 946 4447 solum
969 4379 1120 4446 adcurate
1149 4379 1304 4460 prioris
1333 4387 1419 4443 car-

194 4494 314 4560 minis
348 4495 376 4560 ei
403 4492 577 4576 particulae
605 4495 775 4576 congruat,
807 4491 840 4556 iu
870 4508 933 4572 qua
950 4490 1162 4573 Agamemnon
1190 4487 1342 4555 ferociens
1370 4493 1420 4554 est

195 4605 279 4673 Iouis
312 4602 482 4672 honorifico
516 4604 638 4686 favore,
670 4605 727 4671 sed
754 4602 886 4670 eandem
915 4602 1031 4670 habeat
1058 4600 1110 4668 dci
1138 4605 1234 4687 atque
1261 4599 1320 4665 viri
1349 4615 1419 4666 con·
