3460 5370
712 448 924 508 „49-

205 627 254 692 die
281 627 389 708 Haupt
421 645 478 691 aur
510 632 754 709 unterstlltzung
784 647 841 692 von
873 628 1069 694 Lachmanns
1103 630 1263 712 ahteilung
1290 628 1429 708 anfdhrt,

204 737 403 820 dherzeugen
435 736 517 802 mich
551 737 666 802 ehenso
696 739 804 819 venig.
844 737 918 803 dasa
949 747 1019 803 man
1050 739 1238 805 namentlich
1267 739 1431 806 2101110-

204 847 340 930 rechtigt
367 847 425 928 ist,
456 848 506 912 die
535 847 751 928 sprachlichen
780 847 975 928 cigenheiten
1005 847 1062 914 der
1084 849 1212 914 zveiten
1235 848 1430 931 lortsetznng

204 958 251 1022 als
279 978 393 1024 neuere
422 956 731 1023 auszdrucksweiscn
760 957 974 1036 aulzufassen,
1003 959 1117 1040 glaube
1146 959 1196 1024 ich
1219 960 1367 1025 erviesen
1390 979 1430 1022 22

203 1069 305 1135 12102
327 1066 432 1148 philol.
448 1069 502 1148 VI,
517 1088 547 1150 p.
569 1073 639 1149 228,
664 1069 809 1134 20001101
831 1071 911 1134 2201
934 1069 1077 1135 bemerkt
1098 1071 1149 1151 ist,
1173 1071 1247 1135 1202
1263 1088 1351 1135 00200
1366 1070 1431 1134 221

204 1181 316 1257 vorle,
347 1177 397 1243 die
420 1177 477 1242 der
500 1178 640 1260 Odyssea
663 1180 856 1261 angehdrcn,
887 1199 962 1245 ausa
985 1181 1056 1246 dem
1078 1181 1199 1262 grunde
1221 1181 1252 1245 in
1280 1181 1336 1245 der
1357 1179 1431 1243 Ilias

204 1307 264 1352 nur
292 1289 360 1354 hier
388 1288 605 1369 vorknmmen,
635 1290 702 1354 weil
732 1290 817 1356 diese
846 1305 919 1355 nur·
933 1292 1001 1356 hier
1029 1292 1097 1357 ciue
1127 1289 1359 1356 ausnfiihrliche
1381 1291 1432 1355 he·

204 1401 392 1483 schreibung
414 1401 500 1466 einer
521 1402 659 1467 seelahrt
680 1403 744 1467 121.
776 1403 885 1484 Haupt
906 1402 993 1467 zohlt
1014 1396 1214 1469 unter‘diese
1237 1401 1432 1484 eigenheiten

204 1512 285 1577 auch
308 1517 422 1576 wdrter
443 1511 507 1576 und
530 1511 734 1591 ausndrdcke,
758 1513 808 1577 die
831 1513 929 1577 selhst
950 1513 1031 1577 2001
1050 1514 1082 1577 12
1099 1513 1158 1578 den
1175 1530 1236 1578 von
1251 1511 1433 1576 Lachmann

204 1621 419 1687 anerkannten
441 1622 561 1688 liedem
583 1622 784 1689 vorkorumen
807 1623 871 1688 und
894 1623 976 1689 doch
998 1623 1087 1688 111121
1104 1643 1138 1688 02
1153 1643 1228 1689 2202
1246 1628 1307 1687 200
1322 1641 1433 1688 verscn

204 1753 264 1798 nur
294 1740 374 1800 etvva
403 1739 443 1799 20
465 1736 586 1801 0010102
614 1735 809 1801 2202121010
838 1753 893 1814 22,
922 1733 1070 1799 2112021
1099 1733 1150 1799 101
1177 1734 1209 1798 12
1238 1732 1433 1798 Lachmanns

103 1929 106 1936 Ι
206 1849 321 1910 erstem
351 1845 434 1911 liede
462 1852 542 1911 elwa
564 1852 606 1910 40
628 1847 749 1912 0102012
779 1846 929 1912 01010210
959 1846 1154 1911 2202121010
1175 1844 1319 1911 10220211
1340 1844 1430 1909 habe.

204 1955 235 2018 in
266 1955 322 2020 der
349 1960 397 2020 tat
422 1956 506 2022 kann
536 1975 609 2021 man
637 1956 828 2036 annehmen,
857 1958 932 2022 dasz
963 1955 1242 2023 durchschnittlich
1271 1955 1325 2020 102
1343 1953 1433 2036 jedes

204 2065 305 2146 stllck,
329 2063 403 2132 1202
426 2085 498 2130 man
520 2067 714 2147 untersucht,
741 2067 808 2132 sich
831 2067 914 2131 diesz
938 2064 1434 2132 00211112100020122211002-

203 2176 410 2241 hommenden
433 2183 568 2242 2021022
591 2178 656 2242 221
680 2178 874 2259 wendungen
896 2176 1066 2242 widerholt.
1102 2183 1136 2242 at
1157 2178 1293 2258 primum
1315 2176 1435 2242 nullum

204 2285 234 2349 in
258 2303 296 2350 ea
317 2305 352 2350 re
374 2291 423 2350 est
444 2291 675 2366 argumentum,
698 2286 783 2368 quod
804 2288 924 2352 caussis
939 2287 979 2352 ab
994 2288 1133 2369 Hauptio
1152 2287 1264 2352 adlatis
1280 2306 1314 2351 00
1328 2287 1433 2352 Fried-

204 2394 371 2460 laenderus
391 2395 468 2460 dicit
483 2415 546 2461 non
563 2413 655 2478 posse
675 2398 860 2476 commoveri,
879 2402 916 2462 ut
933 2417 1004 2463 euru
1023 2402 1174 2480 sequatur
1191 2398 1270 2463 etin
1288 2398 1354 2463 0120
1367 2415 1435 2462 002-

204 2505 320 2570 1021120
344 2507 504 2572 02100121.
542 2507 598 2572 1211
618 2495 704 2572 ¹enirn
727 2507 760 2572 in
783 2508 957 2589 Hauptium
980 2509 1083 2572 21112
1106 2509 1245 2573 dicamus
1267 2507 1435 2572 invectioni

204 2621 289 2682 20010
312 2618 496 2700 obponimus
520 2620 564 2684 eis
587 2619 706 2684 caussis
727 2619 766 2685 ah
782 2619 921 2700 Hauptio
938 2620 1052 2684 adlatis
1069 2620 1150 2684 sicut
1164 2619 1218 2698 eis,
1242 2638 1321 2701 quas
1336 2618 1440 2683 Lach-¹

203 2745 336 2793 mannus
365 2729 494 2809 adtulit,
524 2730 603 2795 satis
630 2746 816 2810 persuasum
847 2730 937 2795 nobis
968 2747 1036 2795 0000
1059 2728 1328 2794 Lachmannianos
1351 2729 1434 2793 solos

205 2843 291 2902 recte
320 2837 459 2904 iudicare
487 2838 526 2903 de
553 2839 654 2920 primo
678 2837 786 2904 Iliadis
814 2839 903 2904 libro.
946 2839 1059 2904 deinde
1088 2838 1181 2904 homo
1209 2839 1261 2904 illc
1283 2839 1368 2903 haud
1390 2839 1434 2903 in-

204 2945 317 3014 doctus
347 2953 381 3013 et
403 2949 550 3014 conlectis
568 2949 737 3014 Aristonici
760 2953 792 3012 et
813 2949 979 3014 Nicanoris
999 2949 1271 3016 Aristarcheorum
1295 2949 1434 3030 reliquiis

204 3057 243 3122 de
272 3058 368 3123 rebus
390 3057 565 3122 Homericis
594 3059 711 3140 optime
742 3058 873 3122 meritus
902 3058 1075 3124 2001101102
1096 3059 1227 3141 Hauptii
1249 3065 1436 3142 argumenta

204 3168 236 3231 in
265 3169 498 3248 adversantia,
527 3168 610 3251 quod
638 3186 702 3233 non
725 3169 767 3232 sit
789 3167 936 3233 credibile
958 3185 1029 3233 eum
1051 3174 1193 3251 poetam,
1222 3170 1274 3251 qui
1298 3171 1434 3251 primum

206 3297 297 3343 suum
324 3297 449 3344 carmen
476 3284 541 3344 tam
571 3280 649 3345 bene
674 3283 821 3359 recteque
844 3277 1046 3358 instituisset,
1075 3279 1102 3344 01
1131 3279 1181 3343 021
1209 3280 1307 3360 ipsius
1330 3280 1433 3361 operis

206 3387 330 3455 efficere
352 3388 505 3454 voluisset
526 3389 801 3468 continuationem,
824 3406 905 3469 2220
928 3391 1071 3452 narraret
1093 3387 1295 3470 Chryseidam
1319 3390 1358 3454 ad
1381 3407 1435 3468 pa—

205 3503 286 3564 trem
308 3499 479 3579 reductam,
503 3518 572 3564 eam
594 3504 659 3563 tam
681 3498 763 3563 male
784 3497 967 3576 instituisse,
990 3502 1027 3561 21
1049 3514 1129 3576 2220
1151 3498 1183 3562 10
1199 3517 1237 3562 02
1254 3499 1433 3563 narratione

206 3625 328 3673 summa
357 3615 432 3673 sunt
459 3615 491 3674 01
513 3610 637 3674 maximi
661 3607 810 3673 momenti
833 3624 947 3686 oaqna,
976 3623 1111 3686 quorum
1133 3626 1245 3673 caussa
1266 3613 1364 3674 totam
1388 3608 1435 3672 in-

207 3719 351 3782 stitutam
373 3735 442 3784 esse
465 3719 598 3799 adparet
619 3715 893 3796 continuationem,
917 3735 954 3779 ea
977 3715 1051 3780 solis
1074 3733 1130 3781 sex
1150 3722 1309 3796 septemve
1332 3718 1435 3783 verbis

205 3828 457 3911 conprendlsset,
490 3846 542 3893 200
571 3846 645 3894 vero
676 3827 870 3892 adsessorias
898 3826 1004 3890 multis
1032 3827 1135 3892 verbis
1165 3833 1323 3908 ornasset,
1357 3828 1435 3892 nihil

205 3944 312 4021 curat,
346 3944 431 4006 certe
458 3939 543 4019 quod
571 3936 648 4002 nihil
676 3936 786 4016 hahet,
819 3936 902 4016 2201
931 3936 1096 4001 adversum
1126 3955 1164 4002 ca
1192 3937 1340 4018 proferat.
1380 3939 1435 4004 sed

206 4067 243 4116 eo
271 4050 363 4116 modo
394 4051 478 4130 quod
500 4065 656 4114 summum
679 4051 728 4112 001
749 4045 983 4126 praetermittit.
1021 4065 1094 4112 nam
1115 4048 1289 4130 Hauptium
1313 4054 1436 4114 constat

205 4165 243 4223 ut
271 4159 506 4224 Lachmannum
534 4157 610 4244 (cfr.
632 4158 722 4238 epist.
743 4157 783 4222 01
806 4155 914 4222 Lehrs.
934 4158 1018 4239 apud
1040 4157 1155 4223 Friedl.
1172 4158 1289 4242 pag.V
1311 4175 1379 4240 sqq.
1404 4164 1436 4223 et

206 4273 345 4334 nostram
373 4270 413 4335 de
442 4271 550 4335 Iliadis
577 4270 713 4335 carmina
733 4269 779 4333 Xl
806 4267 911 4348 paullo
938 4271 1010 4349 post
1037 4266 1119 4332 hanc
1148 4267 1342 4349 prodituram
1373 4268 1435 4332 dis-

207 4375 430 4461 sertationem)
463 4397 525 4442 non
559 4379 693 4444 multum
725 4377 797 4442 fidei
831 4377 980 4442 habuisse
1008 4377 1153 4443 dictionis
1181 4379 1435 4460 proprietatibus

207 4489 292 4570 2201
314 4506 408 4571 porro
430 4485 690 4554 Friedlaenderus
713 4507 746 4553 se
769 4489 917 4568 opinatur
931 4489 1010 4553 satis
1024 4487 1198 4553 luculenter
1214 4489 1343 4554 evicisse
1359 4488 1436 4553 nihil
